%YAML 1.1
%TAG !u! tag:unity3d.com,2011:
--- !u!29 &1
OcclusionCullingSettings:
  m_ObjectHideFlags: 0
  serializedVersion: 2
  m_OcclusionBakeSettings:
    smallestOccluder: 5
    smallestHole: 0.25
    backfaceThreshold: 100
  m_SceneGUID: 00000000000000000000000000000000
  m_OcclusionCullingData: {fileID: 0}
--- !u!104 &2
RenderSettings:
  m_ObjectHideFlags: 0
  serializedVersion: 9
  m_Fog: 0
  m_FogColor: {r: 0.3773585, g: 0.3773585, b: 0.3773585, a: 1}
  m_FogMode: 1
  m_FogDensity: 0.02
  m_LinearFogStart: 30
  m_LinearFogEnd: 100
  m_AmbientSkyColor: {r: 0.212, g: 0.227, b: 0.259, a: 1}
  m_AmbientEquatorColor: {r: 0.114, g: 0.125, b: 0.133, a: 1}
  m_AmbientGroundColor: {r: 0.047, g: 0.043, b: 0.035, a: 1}
  m_AmbientIntensity: 1
  m_AmbientMode: 0
  m_SubtractiveShadowColor: {r: 1, g: 1, b: 1, a: 1}
  m_SkyboxMaterial: {fileID: 10304, guid: 0000000000000000f000000000000000, type: 0}
  m_HaloStrength: 0.5
  m_FlareStrength: 1
  m_FlareFadeSpeed: 3
  m_HaloTexture: {fileID: 0}
  m_SpotCookie: {fileID: 10001, guid: 0000000000000000e000000000000000, type: 0}
  m_DefaultReflectionMode: 0
  m_DefaultReflectionResolution: 256
  m_ReflectionBounces: 1
  m_ReflectionIntensity: 1
  m_CustomReflection: {fileID: 0}
  m_Sun: {fileID: 705507994}
  m_IndirectSpecularColor: {r: 0.18028378, g: 0.22571412, b: 0.30692285, a: 1}
  m_UseRadianceAmbientProbe: 0
--- !u!157 &3
LightmapSettings:
  m_ObjectHideFlags: 0
  serializedVersion: 12
  m_GIWorkflowMode: 1
  m_GISettings:
    serializedVersion: 2
    m_BounceScale: 1
    m_IndirectOutputScale: 1
    m_AlbedoBoost: 1
    m_EnvironmentLightingMode: 0
    m_EnableBakedLightmaps: 1
    m_EnableRealtimeLightmaps: 0
  m_LightmapEditorSettings:
    serializedVersion: 12
    m_Resolution: 2
    m_BakeResolution: 40
    m_AtlasSize: 1024
    m_AO: 0
    m_AOMaxDistance: 1
    m_CompAOExponent: 1
    m_CompAOExponentDirect: 0
    m_ExtractAmbientOcclusion: 0
    m_Padding: 2
    m_LightmapParameters: {fileID: 0}
    m_LightmapsBakeMode: 1
    m_TextureCompression: 1
    m_FinalGather: 0
    m_FinalGatherFiltering: 1
    m_FinalGatherRayCount: 256
    m_ReflectionCompression: 2
    m_MixedBakeMode: 2
    m_BakeBackend: 1
    m_PVRSampling: 1
    m_PVRDirectSampleCount: 32
    m_PVRSampleCount: 500
    m_PVRBounces: 2
    m_PVREnvironmentSampleCount: 500
    m_PVREnvironmentReferencePointCount: 2048
    m_PVRFilteringMode: 2
    m_PVRDenoiserTypeDirect: 0
    m_PVRDenoiserTypeIndirect: 0
    m_PVRDenoiserTypeAO: 0
    m_PVRFilterTypeDirect: 0
    m_PVRFilterTypeIndirect: 0
    m_PVRFilterTypeAO: 0
    m_PVREnvironmentMIS: 0
    m_PVRCulling: 1
    m_PVRFilteringGaussRadiusDirect: 1
    m_PVRFilteringGaussRadiusIndirect: 5
    m_PVRFilteringGaussRadiusAO: 2
    m_PVRFilteringAtrousPositionSigmaDirect: 0.5
    m_PVRFilteringAtrousPositionSigmaIndirect: 2
    m_PVRFilteringAtrousPositionSigmaAO: 1
    m_ExportTrainingData: 0
    m_TrainingDataDestination: TrainingData
    m_LightProbeSampleCountMultiplier: 4
  m_LightingDataAsset: {fileID: 0}
  m_LightingSettings: {fileID: 0}
--- !u!196 &4
NavMeshSettings:
  serializedVersion: 2
  m_ObjectHideFlags: 0
  m_BuildSettings:
    serializedVersion: 2
    agentTypeID: 0
    agentRadius: 0.5
    agentHeight: 2
    agentSlope: 45
    agentClimb: 0.4
    ledgeDropHeight: 0
    maxJumpAcrossDistance: 0
    minRegionArea: 2
    manualCellSize: 0
    cellSize: 0.16666667
    manualTileSize: 0
    tileSize: 256
    accuratePlacement: 0
    maxJobWorkers: 0
    preserveTilesOutsideBounds: 0
    debug:
      m_Flags: 0
  m_NavMeshData: {fileID: 0}
--- !u!1001 &50314721
PrefabInstance:
  m_ObjectHideFlags: 0
  serializedVersion: 2
  m_Modification:
    m_TransformParent: {fileID: 0}
    m_Modifications:
    - target: {fileID: 430095663162119677, guid: 055eeb69fe495b44f94de70f97f89aa2, type: 3}
      propertyPath: m_RootOrder
      value: 12
      objectReference: {fileID: 0}
    - target: {fileID: 430095663162119677, guid: 055eeb69fe495b44f94de70f97f89aa2, type: 3}
      propertyPath: m_LocalScale.x
      value: 10
      objectReference: {fileID: 0}
    - target: {fileID: 430095663162119677, guid: 055eeb69fe495b44f94de70f97f89aa2, type: 3}
      propertyPath: m_LocalScale.y
      value: 10
      objectReference: {fileID: 0}
    - target: {fileID: 430095663162119677, guid: 055eeb69fe495b44f94de70f97f89aa2, type: 3}
      propertyPath: m_LocalScale.z
      value: 10
      objectReference: {fileID: 0}
    - target: {fileID: 430095663162119677, guid: 055eeb69fe495b44f94de70f97f89aa2, type: 3}
      propertyPath: m_LocalPosition.x
      value: 175.27
      objectReference: {fileID: 0}
    - target: {fileID: 430095663162119677, guid: 055eeb69fe495b44f94de70f97f89aa2, type: 3}
      propertyPath: m_LocalPosition.y
      value: 22.766445
      objectReference: {fileID: 0}
    - target: {fileID: 430095663162119677, guid: 055eeb69fe495b44f94de70f97f89aa2, type: 3}
      propertyPath: m_LocalPosition.z
      value: 432.48
      objectReference: {fileID: 0}
    - target: {fileID: 430095663162119677, guid: 055eeb69fe495b44f94de70f97f89aa2, type: 3}
      propertyPath: m_LocalRotation.w
      value: 1
      objectReference: {fileID: 0}
    - target: {fileID: 430095663162119677, guid: 055eeb69fe495b44f94de70f97f89aa2, type: 3}
      propertyPath: m_LocalRotation.x
      value: 0
      objectReference: {fileID: 0}
    - target: {fileID: 430095663162119677, guid: 055eeb69fe495b44f94de70f97f89aa2, type: 3}
      propertyPath: m_LocalRotation.y
      value: 0
      objectReference: {fileID: 0}
    - target: {fileID: 430095663162119677, guid: 055eeb69fe495b44f94de70f97f89aa2, type: 3}
      propertyPath: m_LocalRotation.z
      value: 0
      objectReference: {fileID: 0}
    - target: {fileID: 430095663162119677, guid: 055eeb69fe495b44f94de70f97f89aa2, type: 3}
      propertyPath: m_LocalEulerAnglesHint.x
      value: 0
      objectReference: {fileID: 0}
    - target: {fileID: 430095663162119677, guid: 055eeb69fe495b44f94de70f97f89aa2, type: 3}
      propertyPath: m_LocalEulerAnglesHint.y
      value: 0
      objectReference: {fileID: 0}
    - target: {fileID: 430095663162119677, guid: 055eeb69fe495b44f94de70f97f89aa2, type: 3}
      propertyPath: m_LocalEulerAnglesHint.z
      value: 0
      objectReference: {fileID: 0}
    - target: {fileID: 7114482570957525508, guid: 055eeb69fe495b44f94de70f97f89aa2, type: 3}
      propertyPath: m_Name
      value: P_AncientRuins_Rock2
      objectReference: {fileID: 0}
    m_RemovedComponents: []
  m_SourcePrefab: {fileID: 100100000, guid: 055eeb69fe495b44f94de70f97f89aa2, type: 3}
--- !u!1001 &133524805
PrefabInstance:
  m_ObjectHideFlags: 0
  serializedVersion: 2
  m_Modification:
    m_TransformParent: {fileID: 0}
    m_Modifications:
    - target: {fileID: 1960309282260714, guid: 5c6a8e5e71104fb48a940b834b29dfb6, type: 3}
      propertyPath: m_Name
      value: Pallet_01 (3)
      objectReference: {fileID: 0}
    - target: {fileID: 4009275339056470, guid: 5c6a8e5e71104fb48a940b834b29dfb6, type: 3}
      propertyPath: m_RootOrder
      value: 5
      objectReference: {fileID: 0}
    - target: {fileID: 4009275339056470, guid: 5c6a8e5e71104fb48a940b834b29dfb6, type: 3}
      propertyPath: m_LocalPosition.x
      value: 243.47
      objectReference: {fileID: 0}
    - target: {fileID: 4009275339056470, guid: 5c6a8e5e71104fb48a940b834b29dfb6, type: 3}
      propertyPath: m_LocalPosition.y
      value: 8.29
      objectReference: {fileID: 0}
    - target: {fileID: 4009275339056470, guid: 5c6a8e5e71104fb48a940b834b29dfb6, type: 3}
      propertyPath: m_LocalPosition.z
      value: 707.06946
      objectReference: {fileID: 0}
    - target: {fileID: 4009275339056470, guid: 5c6a8e5e71104fb48a940b834b29dfb6, type: 3}
      propertyPath: m_LocalRotation.w
      value: 0.6743532
      objectReference: {fileID: 0}
    - target: {fileID: 4009275339056470, guid: 5c6a8e5e71104fb48a940b834b29dfb6, type: 3}
      propertyPath: m_LocalRotation.x
      value: -0.6743532
      objectReference: {fileID: 0}
    - target: {fileID: 4009275339056470, guid: 5c6a8e5e71104fb48a940b834b29dfb6, type: 3}
      propertyPath: m_LocalRotation.y
      value: 0.21271536
      objectReference: {fileID: 0}
    - target: {fileID: 4009275339056470, guid: 5c6a8e5e71104fb48a940b834b29dfb6, type: 3}
      propertyPath: m_LocalRotation.z
      value: -0.21271536
      objectReference: {fileID: 0}
    - target: {fileID: 4009275339056470, guid: 5c6a8e5e71104fb48a940b834b29dfb6, type: 3}
      propertyPath: m_LocalEulerAnglesHint.x
      value: -54.986
      objectReference: {fileID: 0}
    - target: {fileID: 4009275339056470, guid: 5c6a8e5e71104fb48a940b834b29dfb6, type: 3}
      propertyPath: m_LocalEulerAnglesHint.y
      value: 90
      objectReference: {fileID: 0}
    - target: {fileID: 4009275339056470, guid: 5c6a8e5e71104fb48a940b834b29dfb6, type: 3}
      propertyPath: m_LocalEulerAnglesHint.z
      value: -90
      objectReference: {fileID: 0}
    m_RemovedComponents: []
  m_SourcePrefab: {fileID: 100100000, guid: 5c6a8e5e71104fb48a940b834b29dfb6, type: 3}
--- !u!1001 &244368360
PrefabInstance:
  m_ObjectHideFlags: 0
  serializedVersion: 2
  m_Modification:
    m_TransformParent: {fileID: 0}
    m_Modifications:
    - target: {fileID: 126854, guid: 9fc563619a488e547b6dae04097a4879, type: 3}
      propertyPath: m_Name
      value: Fense02 (1)
      objectReference: {fileID: 0}
    - target: {fileID: 487440, guid: 9fc563619a488e547b6dae04097a4879, type: 3}
      propertyPath: m_RootOrder
      value: 20
      objectReference: {fileID: 0}
    - target: {fileID: 487440, guid: 9fc563619a488e547b6dae04097a4879, type: 3}
      propertyPath: m_LocalPosition.x
      value: 234.54
      objectReference: {fileID: 0}
    - target: {fileID: 487440, guid: 9fc563619a488e547b6dae04097a4879, type: 3}
      propertyPath: m_LocalPosition.y
      value: 9.5
      objectReference: {fileID: 0}
    - target: {fileID: 487440, guid: 9fc563619a488e547b6dae04097a4879, type: 3}
      propertyPath: m_LocalPosition.z
      value: 706.28
      objectReference: {fileID: 0}
    - target: {fileID: 487440, guid: 9fc563619a488e547b6dae04097a4879, type: 3}
      propertyPath: m_LocalRotation.w
      value: 0.5
      objectReference: {fileID: 0}
    - target: {fileID: 487440, guid: 9fc563619a488e547b6dae04097a4879, type: 3}
      propertyPath: m_LocalRotation.x
      value: -0.5
      objectReference: {fileID: 0}
    - target: {fileID: 487440, guid: 9fc563619a488e547b6dae04097a4879, type: 3}
      propertyPath: m_LocalRotation.y
      value: 0.5
      objectReference: {fileID: 0}
    - target: {fileID: 487440, guid: 9fc563619a488e547b6dae04097a4879, type: 3}
      propertyPath: m_LocalRotation.z
      value: 0.5
      objectReference: {fileID: 0}
    - target: {fileID: 487440, guid: 9fc563619a488e547b6dae04097a4879, type: 3}
      propertyPath: m_LocalEulerAnglesHint.x
      value: -90
      objectReference: {fileID: 0}
    - target: {fileID: 487440, guid: 9fc563619a488e547b6dae04097a4879, type: 3}
      propertyPath: m_LocalEulerAnglesHint.y
      value: 0
      objectReference: {fileID: 0}
    - target: {fileID: 487440, guid: 9fc563619a488e547b6dae04097a4879, type: 3}
      propertyPath: m_LocalEulerAnglesHint.z
      value: 90
      objectReference: {fileID: 0}
    m_RemovedComponents: []
  m_SourcePrefab: {fileID: 100100000, guid: 9fc563619a488e547b6dae04097a4879, type: 3}
--- !u!1001 &313326679
PrefabInstance:
  m_ObjectHideFlags: 0
  serializedVersion: 2
  m_Modification:
    m_TransformParent: {fileID: 0}
    m_Modifications:
    - target: {fileID: 1960309282260714, guid: 5c6a8e5e71104fb48a940b834b29dfb6, type: 3}
      propertyPath: m_Name
      value: Pallet_01 (1)
      objectReference: {fileID: 0}
    - target: {fileID: 4009275339056470, guid: 5c6a8e5e71104fb48a940b834b29dfb6, type: 3}
      propertyPath: m_RootOrder
      value: 4
      objectReference: {fileID: 0}
    - target: {fileID: 4009275339056470, guid: 5c6a8e5e71104fb48a940b834b29dfb6, type: 3}
      propertyPath: m_LocalPosition.x
      value: 242.89604
      objectReference: {fileID: 0}
    - target: {fileID: 4009275339056470, guid: 5c6a8e5e71104fb48a940b834b29dfb6, type: 3}
      propertyPath: m_LocalPosition.y
      value: 8.297023
      objectReference: {fileID: 0}
    - target: {fileID: 4009275339056470, guid: 5c6a8e5e71104fb48a940b834b29dfb6, type: 3}
      propertyPath: m_LocalPosition.z
      value: 706.02094
      objectReference: {fileID: 0}
    - target: {fileID: 4009275339056470, guid: 5c6a8e5e71104fb48a940b834b29dfb6, type: 3}
      propertyPath: m_LocalRotation.w
      value: 0.7071068
      objectReference: {fileID: 0}
    - target: {fileID: 4009275339056470, guid: 5c6a8e5e71104fb48a940b834b29dfb6, type: 3}
      propertyPath: m_LocalRotation.x
      value: -0.7071068
      objectReference: {fileID: 0}
    - target: {fileID: 4009275339056470, guid: 5c6a8e5e71104fb48a940b834b29dfb6, type: 3}
      propertyPath: m_LocalRotation.y
      value: -0
      objectReference: {fileID: 0}
    - target: {fileID: 4009275339056470, guid: 5c6a8e5e71104fb48a940b834b29dfb6, type: 3}
      propertyPath: m_LocalRotation.z
      value: -0
      objectReference: {fileID: 0}
    - target: {fileID: 4009275339056470, guid: 5c6a8e5e71104fb48a940b834b29dfb6, type: 3}
      propertyPath: m_LocalEulerAnglesHint.x
      value: 0
      objectReference: {fileID: 0}
    - target: {fileID: 4009275339056470, guid: 5c6a8e5e71104fb48a940b834b29dfb6, type: 3}
      propertyPath: m_LocalEulerAnglesHint.y
      value: 0
      objectReference: {fileID: 0}
    - target: {fileID: 4009275339056470, guid: 5c6a8e5e71104fb48a940b834b29dfb6, type: 3}
      propertyPath: m_LocalEulerAnglesHint.z
      value: 0
      objectReference: {fileID: 0}
    m_RemovedComponents: []
  m_SourcePrefab: {fileID: 100100000, guid: 5c6a8e5e71104fb48a940b834b29dfb6, type: 3}
--- !u!1001 &332514307
PrefabInstance:
  m_ObjectHideFlags: 0
  serializedVersion: 2
  m_Modification:
    m_TransformParent: {fileID: 0}
    m_Modifications:
    - target: {fileID: 126854, guid: 9fc563619a488e547b6dae04097a4879, type: 3}
      propertyPath: m_Name
      value: Fense02
      objectReference: {fileID: 0}
    - target: {fileID: 487440, guid: 9fc563619a488e547b6dae04097a4879, type: 3}
      propertyPath: m_RootOrder
      value: 6
      objectReference: {fileID: 0}
    - target: {fileID: 487440, guid: 9fc563619a488e547b6dae04097a4879, type: 3}
      propertyPath: m_LocalPosition.x
      value: 235.33818
      objectReference: {fileID: 0}
    - target: {fileID: 487440, guid: 9fc563619a488e547b6dae04097a4879, type: 3}
      propertyPath: m_LocalPosition.y
      value: 9.09
      objectReference: {fileID: 0}
    - target: {fileID: 487440, guid: 9fc563619a488e547b6dae04097a4879, type: 3}
      propertyPath: m_LocalPosition.z
      value: 707.47
      objectReference: {fileID: 0}
    - target: {fileID: 487440, guid: 9fc563619a488e547b6dae04097a4879, type: 3}
      propertyPath: m_LocalRotation.w
      value: 0.7071068
      objectReference: {fileID: 0}
    - target: {fileID: 487440, guid: 9fc563619a488e547b6dae04097a4879, type: 3}
      propertyPath: m_LocalRotation.x
      value: -0.7071068
      objectReference: {fileID: 0}
    - target: {fileID: 487440, guid: 9fc563619a488e547b6dae04097a4879, type: 3}
      propertyPath: m_LocalRotation.y
      value: 0
      objectReference: {fileID: 0}
    - target: {fileID: 487440, guid: 9fc563619a488e547b6dae04097a4879, type: 3}
      propertyPath: m_LocalRotation.z
      value: -0
      objectReference: {fileID: 0}
    - target: {fileID: 487440, guid: 9fc563619a488e547b6dae04097a4879, type: 3}
      propertyPath: m_LocalEulerAnglesHint.x
      value: 0
      objectReference: {fileID: 0}
    - target: {fileID: 487440, guid: 9fc563619a488e547b6dae04097a4879, type: 3}
      propertyPath: m_LocalEulerAnglesHint.y
      value: 0
      objectReference: {fileID: 0}
    - target: {fileID: 487440, guid: 9fc563619a488e547b6dae04097a4879, type: 3}
      propertyPath: m_LocalEulerAnglesHint.z
      value: 0
      objectReference: {fileID: 0}
    m_RemovedComponents: []
  m_SourcePrefab: {fileID: 100100000, guid: 9fc563619a488e547b6dae04097a4879, type: 3}
--- !u!1001 &601392684
PrefabInstance:
  m_ObjectHideFlags: 0
  serializedVersion: 2
  m_Modification:
    m_TransformParent: {fileID: 0}
    m_Modifications:
    - target: {fileID: 173768, guid: a4e1f8557bc76c44baa1e45ad8ecbdb9, type: 3}
      propertyPath: m_Name
      value: Wells
      objectReference: {fileID: 0}
    - target: {fileID: 408112, guid: a4e1f8557bc76c44baa1e45ad8ecbdb9, type: 3}
      propertyPath: m_RootOrder
      value: 15
      objectReference: {fileID: 0}
    - target: {fileID: 408112, guid: a4e1f8557bc76c44baa1e45ad8ecbdb9, type: 3}
      propertyPath: m_LocalScale.x
      value: 0.9
      objectReference: {fileID: 0}
    - target: {fileID: 408112, guid: a4e1f8557bc76c44baa1e45ad8ecbdb9, type: 3}
      propertyPath: m_LocalScale.y
      value: 0.9
      objectReference: {fileID: 0}
    - target: {fileID: 408112, guid: a4e1f8557bc76c44baa1e45ad8ecbdb9, type: 3}
      propertyPath: m_LocalScale.z
      value: 0.9
      objectReference: {fileID: 0}
    - target: {fileID: 408112, guid: a4e1f8557bc76c44baa1e45ad8ecbdb9, type: 3}
      propertyPath: m_LocalPosition.x
      value: 241.60085
      objectReference: {fileID: 0}
    - target: {fileID: 408112, guid: a4e1f8557bc76c44baa1e45ad8ecbdb9, type: 3}
      propertyPath: m_LocalPosition.y
      value: 7.827967
      objectReference: {fileID: 0}
    - target: {fileID: 408112, guid: a4e1f8557bc76c44baa1e45ad8ecbdb9, type: 3}
      propertyPath: m_LocalPosition.z
      value: 711.528
      objectReference: {fileID: 0}
    - target: {fileID: 408112, guid: a4e1f8557bc76c44baa1e45ad8ecbdb9, type: 3}
      propertyPath: m_LocalRotation.w
      value: 1
      objectReference: {fileID: 0}
    - target: {fileID: 408112, guid: a4e1f8557bc76c44baa1e45ad8ecbdb9, type: 3}
      propertyPath: m_LocalRotation.x
      value: 0.000000021855694
      objectReference: {fileID: 0}
    - target: {fileID: 408112, guid: a4e1f8557bc76c44baa1e45ad8ecbdb9, type: 3}
      propertyPath: m_LocalRotation.y
      value: 0
      objectReference: {fileID: 0}
    - target: {fileID: 408112, guid: a4e1f8557bc76c44baa1e45ad8ecbdb9, type: 3}
      propertyPath: m_LocalRotation.z
      value: -0
      objectReference: {fileID: 0}
    - target: {fileID: 408112, guid: a4e1f8557bc76c44baa1e45ad8ecbdb9, type: 3}
      propertyPath: m_LocalEulerAnglesHint.x
      value: 0
      objectReference: {fileID: 0}
    - target: {fileID: 408112, guid: a4e1f8557bc76c44baa1e45ad8ecbdb9, type: 3}
      propertyPath: m_LocalEulerAnglesHint.y
      value: 0
      objectReference: {fileID: 0}
    - target: {fileID: 408112, guid: a4e1f8557bc76c44baa1e45ad8ecbdb9, type: 3}
      propertyPath: m_LocalEulerAnglesHint.z
      value: 0
      objectReference: {fileID: 0}
    m_RemovedComponents: []
  m_SourcePrefab: {fileID: 100100000, guid: a4e1f8557bc76c44baa1e45ad8ecbdb9, type: 3}
--- !u!1001 &634029542
PrefabInstance:
  m_ObjectHideFlags: 0
  serializedVersion: 2
  m_Modification:
    m_TransformParent: {fileID: 0}
    m_Modifications:
    - target: {fileID: 126854, guid: 9fc563619a488e547b6dae04097a4879, type: 3}
      propertyPath: m_Name
      value: Fense02 (2)
      objectReference: {fileID: 0}
    - target: {fileID: 487440, guid: 9fc563619a488e547b6dae04097a4879, type: 3}
      propertyPath: m_RootOrder
      value: 22
      objectReference: {fileID: 0}
    - target: {fileID: 487440, guid: 9fc563619a488e547b6dae04097a4879, type: 3}
      propertyPath: m_LocalPosition.x
      value: 235.67
      objectReference: {fileID: 0}
    - target: {fileID: 487440, guid: 9fc563619a488e547b6dae04097a4879, type: 3}
      propertyPath: m_LocalPosition.y
      value: 9.43
      objectReference: {fileID: 0}
    - target: {fileID: 487440, guid: 9fc563619a488e547b6dae04097a4879, type: 3}
      propertyPath: m_LocalPosition.z
      value: 707.47
      objectReference: {fileID: 0}
    - target: {fileID: 487440, guid: 9fc563619a488e547b6dae04097a4879, type: 3}
      propertyPath: m_LocalRotation.w
      value: 0.7071068
      objectReference: {fileID: 0}
    - target: {fileID: 487440, guid: 9fc563619a488e547b6dae04097a4879, type: 3}
      propertyPath: m_LocalRotation.x
      value: -0.7071068
      objectReference: {fileID: 0}
    - target: {fileID: 487440, guid: 9fc563619a488e547b6dae04097a4879, type: 3}
      propertyPath: m_LocalRotation.y
      value: 0
      objectReference: {fileID: 0}
    - target: {fileID: 487440, guid: 9fc563619a488e547b6dae04097a4879, type: 3}
      propertyPath: m_LocalRotation.z
      value: -0
      objectReference: {fileID: 0}
    - target: {fileID: 487440, guid: 9fc563619a488e547b6dae04097a4879, type: 3}
      propertyPath: m_LocalEulerAnglesHint.x
      value: 0
      objectReference: {fileID: 0}
    - target: {fileID: 487440, guid: 9fc563619a488e547b6dae04097a4879, type: 3}
      propertyPath: m_LocalEulerAnglesHint.y
      value: 0
      objectReference: {fileID: 0}
    - target: {fileID: 487440, guid: 9fc563619a488e547b6dae04097a4879, type: 3}
      propertyPath: m_LocalEulerAnglesHint.z
      value: 0
      objectReference: {fileID: 0}
    m_RemovedComponents: []
  m_SourcePrefab: {fileID: 100100000, guid: 9fc563619a488e547b6dae04097a4879, type: 3}
--- !u!1 &705507993
GameObject:
  m_ObjectHideFlags: 0
  m_CorrespondingSourceObject: {fileID: 0}
  m_PrefabInstance: {fileID: 0}
  m_PrefabAsset: {fileID: 0}
  serializedVersion: 6
  m_Component:
  - component: {fileID: 705507995}
  - component: {fileID: 705507994}
  m_Layer: 0
  m_Name: Directional Light
  m_TagString: Untagged
  m_Icon: {fileID: 0}
  m_NavMeshLayer: 0
  m_StaticEditorFlags: 0
  m_IsActive: 1
--- !u!108 &705507994
Light:
  m_ObjectHideFlags: 0
  m_CorrespondingSourceObject: {fileID: 0}
  m_PrefabInstance: {fileID: 0}
  m_PrefabAsset: {fileID: 0}
  m_GameObject: {fileID: 705507993}
  m_Enabled: 1
  serializedVersion: 10
  m_Type: 1
  m_Shape: 0
  m_Color: {r: 0.7830189, g: 0.7830189, b: 0.7830189, a: 1}
  m_Intensity: 1
  m_Range: 10
  m_SpotAngle: 30
  m_InnerSpotAngle: 21.80208
  m_CookieSize: 10
  m_Shadows:
    m_Type: 2
    m_Resolution: -1
    m_CustomResolution: -1
    m_Strength: 0.751
    m_Bias: 0.05
    m_NormalBias: 0.4
    m_NearPlane: 0.2
    m_CullingMatrixOverride:
      e00: 1
      e01: 0
      e02: 0
      e03: 0
      e10: 0
      e11: 1
      e12: 0
      e13: 0
      e20: 0
      e21: 0
      e22: 1
      e23: 0
      e30: 0
      e31: 0
      e32: 0
      e33: 1
    m_UseCullingMatrixOverride: 0
  m_Cookie: {fileID: 0}
  m_DrawHalo: 0
  m_Flare: {fileID: 0}
  m_RenderMode: 0
  m_CullingMask:
    serializedVersion: 2
    m_Bits: 4294967295
  m_RenderingLayerMask: 1
  m_Lightmapping: 1
  m_LightShadowCasterMode: 0
  m_AreaSize: {x: 1, y: 1}
  m_BounceIntensity: 1
  m_ColorTemperature: 6570
  m_UseColorTemperature: 0
  m_BoundingSphereOverride: {x: 0, y: 0, z: 0, w: 0}
  m_UseBoundingSphereOverride: 0
  m_UseViewFrustumForShadowCasterCull: 1
  m_ShadowRadius: 0
  m_ShadowAngle: 0
--- !u!4 &705507995
Transform:
  m_ObjectHideFlags: 0
  m_CorrespondingSourceObject: {fileID: 0}
  m_PrefabInstance: {fileID: 0}
  m_PrefabAsset: {fileID: 0}
  m_GameObject: {fileID: 705507993}
  m_LocalRotation: {x: 0.40821788, y: -0.23456968, z: 0.10938163, w: 0.8754261}
  m_LocalPosition: {x: 0, y: 3, z: 0}
  m_LocalScale: {x: 1, y: 1, z: 1}
  m_ConstrainProportionsScale: 0
  m_Children: []
  m_Father: {fileID: 0}
  m_RootOrder: 0
  m_LocalEulerAnglesHint: {x: 50, y: -30, z: 0}
--- !u!1001 &866445891
PrefabInstance:
  m_ObjectHideFlags: 0
  serializedVersion: 2
  m_Modification:
    m_TransformParent: {fileID: 0}
    m_Modifications:
    - target: {fileID: 2180370505960695739, guid: c30be702f1b236d4da5c71ec8c8d61c3, type: 3}
      propertyPath: m_RootOrder
      value: 10
      objectReference: {fileID: 0}
    - target: {fileID: 2180370505960695739, guid: c30be702f1b236d4da5c71ec8c8d61c3, type: 3}
      propertyPath: m_LocalScale.x
      value: 8
      objectReference: {fileID: 0}
    - target: {fileID: 2180370505960695739, guid: c30be702f1b236d4da5c71ec8c8d61c3, type: 3}
      propertyPath: m_LocalScale.y
      value: 8
      objectReference: {fileID: 0}
    - target: {fileID: 2180370505960695739, guid: c30be702f1b236d4da5c71ec8c8d61c3, type: 3}
      propertyPath: m_LocalScale.z
      value: 8
      objectReference: {fileID: 0}
    - target: {fileID: 2180370505960695739, guid: c30be702f1b236d4da5c71ec8c8d61c3, type: 3}
      propertyPath: m_LocalPosition.x
      value: 161.9762
      objectReference: {fileID: 0}
    - target: {fileID: 2180370505960695739, guid: c30be702f1b236d4da5c71ec8c8d61c3, type: 3}
      propertyPath: m_LocalPosition.y
      value: 26.762548
      objectReference: {fileID: 0}
    - target: {fileID: 2180370505960695739, guid: c30be702f1b236d4da5c71ec8c8d61c3, type: 3}
      propertyPath: m_LocalPosition.z
      value: 435.1045
      objectReference: {fileID: 0}
    - target: {fileID: 2180370505960695739, guid: c30be702f1b236d4da5c71ec8c8d61c3, type: 3}
      propertyPath: m_LocalRotation.w
      value: 0.6978042
      objectReference: {fileID: 0}
    - target: {fileID: 2180370505960695739, guid: c30be702f1b236d4da5c71ec8c8d61c3, type: 3}
      propertyPath: m_LocalRotation.x
      value: 0.09606437
      objectReference: {fileID: 0}
    - target: {fileID: 2180370505960695739, guid: c30be702f1b236d4da5c71ec8c8d61c3, type: 3}
      propertyPath: m_LocalRotation.y
      value: -0.63357687
      objectReference: {fileID: 0}
    - target: {fileID: 2180370505960695739, guid: c30be702f1b236d4da5c71ec8c8d61c3, type: 3}
      propertyPath: m_LocalRotation.z
      value: 0.3200334
      objectReference: {fileID: 0}
    - target: {fileID: 2180370505960695739, guid: c30be702f1b236d4da5c71ec8c8d61c3, type: 3}
      propertyPath: m_LocalEulerAnglesHint.x
      value: 32.656
      objectReference: {fileID: 0}
    - target: {fileID: 2180370505960695739, guid: c30be702f1b236d4da5c71ec8c8d61c3, type: 3}
      propertyPath: m_LocalEulerAnglesHint.y
      value: -77.745
      objectReference: {fileID: 0}
    - target: {fileID: 2180370505960695739, guid: c30be702f1b236d4da5c71ec8c8d61c3, type: 3}
      propertyPath: m_LocalEulerAnglesHint.z
      value: 22.701
      objectReference: {fileID: 0}
    - target: {fileID: 8285238759245771718, guid: c30be702f1b236d4da5c71ec8c8d61c3, type: 3}
      propertyPath: m_Name
      value: P_AncientRuins_Sword (1)
      objectReference: {fileID: 0}
    m_RemovedComponents: []
  m_SourcePrefab: {fileID: 100100000, guid: c30be702f1b236d4da5c71ec8c8d61c3, type: 3}
--- !u!1 &963194225
GameObject:
  m_ObjectHideFlags: 0
  m_CorrespondingSourceObject: {fileID: 0}
  m_PrefabInstance: {fileID: 0}
  m_PrefabAsset: {fileID: 0}
  serializedVersion: 6
  m_Component:
  - component: {fileID: 963194228}
  - component: {fileID: 963194227}
  - component: {fileID: 963194226}
  m_Layer: 0
  m_Name: Main Camera
  m_TagString: MainCamera
  m_Icon: {fileID: 0}
  m_NavMeshLayer: 0
  m_StaticEditorFlags: 0
  m_IsActive: 1
--- !u!81 &963194226
AudioListener:
  m_ObjectHideFlags: 0
  m_CorrespondingSourceObject: {fileID: 0}
  m_PrefabInstance: {fileID: 0}
  m_PrefabAsset: {fileID: 0}
  m_GameObject: {fileID: 963194225}
  m_Enabled: 1
--- !u!20 &963194227
Camera:
  m_ObjectHideFlags: 0
  m_CorrespondingSourceObject: {fileID: 0}
  m_PrefabInstance: {fileID: 0}
  m_PrefabAsset: {fileID: 0}
  m_GameObject: {fileID: 963194225}
  m_Enabled: 1
  serializedVersion: 2
  m_ClearFlags: 1
  m_BackGroundColor: {r: 0.4811321, g: 0.4811321, b: 0.4811321, a: 0}
  m_projectionMatrixMode: 1
  m_GateFitMode: 2
  m_FOVAxisMode: 0
  m_SensorSize: {x: 36, y: 24}
  m_LensShift: {x: 0, y: 0}
  m_FocalLength: 50
  m_NormalizedViewPortRect:
    serializedVersion: 2
    x: 0
    y: 0
    width: 1
    height: 1
  near clip plane: 0.3
  far clip plane: 1000
  field of view: 60
  orthographic: 0
  orthographic size: 5
  m_Depth: -1
  m_CullingMask:
    serializedVersion: 2
    m_Bits: 2147483647
  m_RenderingPath: -1
  m_TargetTexture: {fileID: 0}
  m_TargetDisplay: 0
  m_TargetEye: 3
  m_HDR: 1
  m_AllowMSAA: 1
  m_AllowDynamicResolution: 0
  m_ForceIntoRT: 0
  m_OcclusionCulling: 1
  m_StereoConvergence: 10
  m_StereoSeparation: 0.022
--- !u!4 &963194228
Transform:
  m_ObjectHideFlags: 0
  m_CorrespondingSourceObject: {fileID: 0}
  m_PrefabInstance: {fileID: 0}
  m_PrefabAsset: {fileID: 0}
  m_GameObject: {fileID: 963194225}
  m_LocalRotation: {x: -0, y: 0.63661647, z: -0, w: -0.7711806}
  m_LocalPosition: {x: 247.00742, y: 9.005039, z: 708.94385}
  m_LocalScale: {x: 1, y: 1, z: 1}
  m_ConstrainProportionsScale: 0
  m_Children: []
  m_Father: {fileID: 0}
  m_RootOrder: 27
  m_LocalEulerAnglesHint: {x: 0, y: 0, z: 0}
--- !u!1001 &976152403
PrefabInstance:
  m_ObjectHideFlags: 0
  serializedVersion: 2
  m_Modification:
    m_TransformParent: {fileID: 0}
    m_Modifications:
    - target: {fileID: 126854, guid: 9fc563619a488e547b6dae04097a4879, type: 3}
      propertyPath: m_Name
      value: Fense02 (3)
      objectReference: {fileID: 0}
    - target: {fileID: 487440, guid: 9fc563619a488e547b6dae04097a4879, type: 3}
      propertyPath: m_RootOrder
      value: 23
      objectReference: {fileID: 0}
    - target: {fileID: 487440, guid: 9fc563619a488e547b6dae04097a4879, type: 3}
      propertyPath: m_LocalPosition.x
      value: 235.33818
      objectReference: {fileID: 0}
    - target: {fileID: 487440, guid: 9fc563619a488e547b6dae04097a4879, type: 3}
      propertyPath: m_LocalPosition.y
      value: 9.09
      objectReference: {fileID: 0}
    - target: {fileID: 487440, guid: 9fc563619a488e547b6dae04097a4879, type: 3}
      propertyPath: m_LocalPosition.z
      value: 712.67
      objectReference: {fileID: 0}
    - target: {fileID: 487440, guid: 9fc563619a488e547b6dae04097a4879, type: 3}
      propertyPath: m_LocalRotation.w
      value: 0.7071068
      objectReference: {fileID: 0}
    - target: {fileID: 487440, guid: 9fc563619a488e547b6dae04097a4879, type: 3}
      propertyPath: m_LocalRotation.x
      value: -0.7071068
      objectReference: {fileID: 0}
    - target: {fileID: 487440, guid: 9fc563619a488e547b6dae04097a4879, type: 3}
      propertyPath: m_LocalRotation.y
      value: 0
      objectReference: {fileID: 0}
    - target: {fileID: 487440, guid: 9fc563619a488e547b6dae04097a4879, type: 3}
      propertyPath: m_LocalRotation.z
      value: -0
      objectReference: {fileID: 0}
    - target: {fileID: 487440, guid: 9fc563619a488e547b6dae04097a4879, type: 3}
      propertyPath: m_LocalEulerAnglesHint.x
      value: 0
      objectReference: {fileID: 0}
    - target: {fileID: 487440, guid: 9fc563619a488e547b6dae04097a4879, type: 3}
      propertyPath: m_LocalEulerAnglesHint.y
      value: 0
      objectReference: {fileID: 0}
    - target: {fileID: 487440, guid: 9fc563619a488e547b6dae04097a4879, type: 3}
      propertyPath: m_LocalEulerAnglesHint.z
      value: 0
      objectReference: {fileID: 0}
    m_RemovedComponents: []
  m_SourcePrefab: {fileID: 100100000, guid: 9fc563619a488e547b6dae04097a4879, type: 3}
--- !u!1001 &1010491756
PrefabInstance:
  m_ObjectHideFlags: 0
  serializedVersion: 2
  m_Modification:
    m_TransformParent: {fileID: 0}
    m_Modifications:
    - target: {fileID: 4839620930639023318, guid: 7bcb58554a8c3844daff1cb4024489dc, type: 3}
      propertyPath: m_RootOrder
      value: 9
      objectReference: {fileID: 0}
    - target: {fileID: 4839620930639023318, guid: 7bcb58554a8c3844daff1cb4024489dc, type: 3}
      propertyPath: m_LocalScale.x
      value: 2
      objectReference: {fileID: 0}
    - target: {fileID: 4839620930639023318, guid: 7bcb58554a8c3844daff1cb4024489dc, type: 3}
      propertyPath: m_LocalScale.y
      value: 2
      objectReference: {fileID: 0}
    - target: {fileID: 4839620930639023318, guid: 7bcb58554a8c3844daff1cb4024489dc, type: 3}
      propertyPath: m_LocalScale.z
      value: 2
      objectReference: {fileID: 0}
    - target: {fileID: 4839620930639023318, guid: 7bcb58554a8c3844daff1cb4024489dc, type: 3}
      propertyPath: m_LocalPosition.x
      value: 230.43
      objectReference: {fileID: 0}
    - target: {fileID: 4839620930639023318, guid: 7bcb58554a8c3844daff1cb4024489dc, type: 3}
      propertyPath: m_LocalPosition.y
      value: 9.296205
      objectReference: {fileID: 0}
    - target: {fileID: 4839620930639023318, guid: 7bcb58554a8c3844daff1cb4024489dc, type: 3}
      propertyPath: m_LocalPosition.z
      value: 708.9889
      objectReference: {fileID: 0}
    - target: {fileID: 4839620930639023318, guid: 7bcb58554a8c3844daff1cb4024489dc, type: 3}
      propertyPath: m_LocalRotation.w
      value: 0.6702132
      objectReference: {fileID: 0}
    - target: {fileID: 4839620930639023318, guid: 7bcb58554a8c3844daff1cb4024489dc, type: 3}
      propertyPath: m_LocalRotation.x
      value: 0.051075447
      objectReference: {fileID: 0}
    - target: {fileID: 4839620930639023318, guid: 7bcb58554a8c3844daff1cb4024489dc, type: 3}
      propertyPath: m_LocalRotation.y
      value: -0.73826844
      objectReference: {fileID: 0}
    - target: {fileID: 4839620930639023318, guid: 7bcb58554a8c3844daff1cb4024489dc, type: 3}
      propertyPath: m_LocalRotation.z
      value: -0.05626175
      objectReference: {fileID: 0}
    - target: {fileID: 4839620930639023318, guid: 7bcb58554a8c3844daff1cb4024489dc, type: 3}
      propertyPath: m_LocalEulerAnglesHint.x
      value: -0.837
      objectReference: {fileID: 0}
    - target: {fileID: 4839620930639023318, guid: 7bcb58554a8c3844daff1cb4024489dc, type: 3}
      propertyPath: m_LocalEulerAnglesHint.y
      value: -95.469
      objectReference: {fileID: 0}
    - target: {fileID: 4839620930639023318, guid: 7bcb58554a8c3844daff1cb4024489dc, type: 3}
      propertyPath: m_LocalEulerAnglesHint.z
      value: -8.676
      objectReference: {fileID: 0}
    - target: {fileID: 5215759032949184108, guid: 7bcb58554a8c3844daff1cb4024489dc, type: 3}
      propertyPath: m_Name
      value: FireWood
      objectReference: {fileID: 0}
    m_RemovedComponents: []
  m_SourcePrefab: {fileID: 100100000, guid: 7bcb58554a8c3844daff1cb4024489dc, type: 3}
--- !u!1 &1045033130
GameObject:
  m_ObjectHideFlags: 0
  m_CorrespondingSourceObject: {fileID: 0}
  m_PrefabInstance: {fileID: 0}
  m_PrefabAsset: {fileID: 0}
  serializedVersion: 6
  m_Component:
  - component: {fileID: 1045033133}
  - component: {fileID: 1045033132}
  - component: {fileID: 1045033131}
  m_Layer: 0
  m_Name: Terrain
  m_TagString: Untagged
  m_Icon: {fileID: 0}
  m_NavMeshLayer: 0
  m_StaticEditorFlags: 2147483647
  m_IsActive: 1
--- !u!154 &1045033131
TerrainCollider:
  m_ObjectHideFlags: 0
  m_CorrespondingSourceObject: {fileID: 0}
  m_PrefabInstance: {fileID: 0}
  m_PrefabAsset: {fileID: 0}
  m_GameObject: {fileID: 1045033130}
  m_Material: {fileID: 0}
  m_Enabled: 1
  m_TerrainData: {fileID: 15600000, guid: c56eb62675b844a4fbdf7b6b48680641, type: 2}
  m_EnableTreeColliders: 1
--- !u!218 &1045033132
Terrain:
  m_ObjectHideFlags: 0
  m_CorrespondingSourceObject: {fileID: 0}
  m_PrefabInstance: {fileID: 0}
  m_PrefabAsset: {fileID: 0}
  m_GameObject: {fileID: 1045033130}
  m_Enabled: 1
  serializedVersion: 6
  m_TerrainData: {fileID: 15600000, guid: c56eb62675b844a4fbdf7b6b48680641, type: 2}
  m_TreeDistance: 5000
  m_TreeBillboardDistance: 50
  m_TreeCrossFadeLength: 5
  m_TreeMaximumFullLODCount: 50
  m_DetailObjectDistance: 80
  m_DetailObjectDensity: 1
  m_HeightmapPixelError: 1
  m_SplatMapDistance: 1000
  m_HeightmapMaximumLOD: 0
  m_ShadowCastingMode: 2
  m_DrawHeightmap: 1
  m_DrawInstanced: 0
  m_DrawTreesAndFoliage: 1
  m_StaticShadowCaster: 0
  m_ReflectionProbeUsage: 1
  m_MaterialTemplate: {fileID: 10652, guid: 0000000000000000f000000000000000, type: 0}
  m_BakeLightProbesForTrees: 1
  m_PreserveTreePrototypeLayers: 0
  m_DeringLightProbesForTrees: 1
  m_ScaleInLightmap: 0.0256
  m_LightmapParameters: {fileID: 15203, guid: 0000000000000000f000000000000000, type: 0}
  m_GroupingID: 0
  m_RenderingLayerMask: 1
  m_AllowAutoConnect: 1
--- !u!4 &1045033133
Transform:
  m_ObjectHideFlags: 0
  m_CorrespondingSourceObject: {fileID: 0}
  m_PrefabInstance: {fileID: 0}
  m_PrefabAsset: {fileID: 0}
  m_GameObject: {fileID: 1045033130}
  m_LocalRotation: {x: 0, y: 0, z: 0, w: 1}
  m_LocalPosition: {x: 28.20282, y: 0, z: 0}
  m_LocalScale: {x: 1, y: 1, z: 1}
  m_ConstrainProportionsScale: 0
  m_Children: []
  m_Father: {fileID: 0}
  m_RootOrder: 21
  m_LocalEulerAnglesHint: {x: 0, y: 0, z: 0}
--- !u!1001 &1201070959
PrefabInstance:
  m_ObjectHideFlags: 0
  serializedVersion: 2
  m_Modification:
    m_TransformParent: {fileID: 0}
    m_Modifications:
    - target: {fileID: 697758681504488920, guid: 865743adce956574b94f88404924b5a0, type: 3}
      propertyPath: m_RootOrder
      value: 14
      objectReference: {fileID: 0}
    - target: {fileID: 697758681504488920, guid: 865743adce956574b94f88404924b5a0, type: 3}
      propertyPath: m_LocalScale.x
      value: 10
      objectReference: {fileID: 0}
    - target: {fileID: 697758681504488920, guid: 865743adce956574b94f88404924b5a0, type: 3}
      propertyPath: m_LocalScale.y
      value: 10
      objectReference: {fileID: 0}
    - target: {fileID: 697758681504488920, guid: 865743adce956574b94f88404924b5a0, type: 3}
      propertyPath: m_LocalScale.z
      value: 10
      objectReference: {fileID: 0}
    - target: {fileID: 697758681504488920, guid: 865743adce956574b94f88404924b5a0, type: 3}
      propertyPath: m_LocalPosition.x
      value: 183.2
      objectReference: {fileID: 0}
    - target: {fileID: 697758681504488920, guid: 865743adce956574b94f88404924b5a0, type: 3}
      propertyPath: m_LocalPosition.y
      value: 12.2
      objectReference: {fileID: 0}
    - target: {fileID: 697758681504488920, guid: 865743adce956574b94f88404924b5a0, type: 3}
      propertyPath: m_LocalPosition.z
      value: 434.17
      objectReference: {fileID: 0}
    - target: {fileID: 697758681504488920, guid: 865743adce956574b94f88404924b5a0, type: 3}
      propertyPath: m_LocalRotation.w
      value: 1
      objectReference: {fileID: 0}
    - target: {fileID: 697758681504488920, guid: 865743adce956574b94f88404924b5a0, type: 3}
      propertyPath: m_LocalRotation.x
      value: 0
      objectReference: {fileID: 0}
    - target: {fileID: 697758681504488920, guid: 865743adce956574b94f88404924b5a0, type: 3}
      propertyPath: m_LocalRotation.y
      value: 0
      objectReference: {fileID: 0}
    - target: {fileID: 697758681504488920, guid: 865743adce956574b94f88404924b5a0, type: 3}
      propertyPath: m_LocalRotation.z
      value: 0
      objectReference: {fileID: 0}
    - target: {fileID: 697758681504488920, guid: 865743adce956574b94f88404924b5a0, type: 3}
      propertyPath: m_LocalEulerAnglesHint.x
      value: 0
      objectReference: {fileID: 0}
    - target: {fileID: 697758681504488920, guid: 865743adce956574b94f88404924b5a0, type: 3}
      propertyPath: m_LocalEulerAnglesHint.y
      value: 0
      objectReference: {fileID: 0}
    - target: {fileID: 697758681504488920, guid: 865743adce956574b94f88404924b5a0, type: 3}
      propertyPath: m_LocalEulerAnglesHint.z
      value: 0
      objectReference: {fileID: 0}
    - target: {fileID: 6720701163034575583, guid: 865743adce956574b94f88404924b5a0, type: 3}
      propertyPath: m_Name
      value: P_AncientRuins_Rock4
      objectReference: {fileID: 0}
    m_RemovedComponents: []
  m_SourcePrefab: {fileID: 100100000, guid: 865743adce956574b94f88404924b5a0, type: 3}
--- !u!1001 &1213979386
PrefabInstance:
  m_ObjectHideFlags: 0
  serializedVersion: 2
  m_Modification:
    m_TransformParent: {fileID: 0}
    m_Modifications:
    - target: {fileID: 103752, guid: 97ad11e47dbea4c4baa376e584519266, type: 3}
      propertyPath: m_Name
      value: log01 (3)
      objectReference: {fileID: 0}
    - target: {fileID: 457118, guid: 97ad11e47dbea4c4baa376e584519266, type: 3}
      propertyPath: m_RootOrder
      value: 32
      objectReference: {fileID: 0}
    - target: {fileID: 457118, guid: 97ad11e47dbea4c4baa376e584519266, type: 3}
      propertyPath: m_LocalScale.x
      value: 0.5
      objectReference: {fileID: 0}
    - target: {fileID: 457118, guid: 97ad11e47dbea4c4baa376e584519266, type: 3}
      propertyPath: m_LocalScale.y
      value: 0.5
      objectReference: {fileID: 0}
    - target: {fileID: 457118, guid: 97ad11e47dbea4c4baa376e584519266, type: 3}
      propertyPath: m_LocalPosition.x
      value: 240.057
      objectReference: {fileID: 0}
    - target: {fileID: 457118, guid: 97ad11e47dbea4c4baa376e584519266, type: 3}
      propertyPath: m_LocalPosition.y
      value: 8.765
      objectReference: {fileID: 0}
    - target: {fileID: 457118, guid: 97ad11e47dbea4c4baa376e584519266, type: 3}
      propertyPath: m_LocalPosition.z
      value: 704.10956
      objectReference: {fileID: 0}
    - target: {fileID: 457118, guid: 97ad11e47dbea4c4baa376e584519266, type: 3}
      propertyPath: m_LocalRotation.w
      value: 0.9959447
      objectReference: {fileID: 0}
    - target: {fileID: 457118, guid: 97ad11e47dbea4c4baa376e584519266, type: 3}
      propertyPath: m_LocalRotation.x
      value: 0.060175393
      objectReference: {fileID: 0}
    - target: {fileID: 457118, guid: 97ad11e47dbea4c4baa376e584519266, type: 3}
      propertyPath: m_LocalRotation.y
      value: 0.066759326
      objectReference: {fileID: 0}
    - target: {fileID: 457118, guid: 97ad11e47dbea4c4baa376e584519266, type: 3}
      propertyPath: m_LocalRotation.z
      value: -0.004033628
      objectReference: {fileID: 0}
    - target: {fileID: 457118, guid: 97ad11e47dbea4c4baa376e584519266, type: 3}
      propertyPath: m_LocalEulerAnglesHint.x
      value: 6.915
      objectReference: {fileID: 0}
    - target: {fileID: 457118, guid: 97ad11e47dbea4c4baa376e584519266, type: 3}
      propertyPath: m_LocalEulerAnglesHint.y
      value: 7.67
      objectReference: {fileID: 0}
    - target: {fileID: 457118, guid: 97ad11e47dbea4c4baa376e584519266, type: 3}
      propertyPath: m_LocalEulerAnglesHint.z
      value: 0
      objectReference: {fileID: 0}
    m_RemovedComponents: []
  m_SourcePrefab: {fileID: 100100000, guid: 97ad11e47dbea4c4baa376e584519266, type: 3}
--- !u!1001 &1251596149
PrefabInstance:
  m_ObjectHideFlags: 0
  serializedVersion: 2
  m_Modification:
    m_TransformParent: {fileID: 0}
    m_Modifications:
    - target: {fileID: 126854, guid: 9fc563619a488e547b6dae04097a4879, type: 3}
      propertyPath: m_Name
      value: Fense02 (8)
      objectReference: {fileID: 0}
    - target: {fileID: 487440, guid: 9fc563619a488e547b6dae04097a4879, type: 3}
      propertyPath: m_RootOrder
      value: 30
      objectReference: {fileID: 0}
    - target: {fileID: 487440, guid: 9fc563619a488e547b6dae04097a4879, type: 3}
      propertyPath: m_LocalPosition.x
      value: 222.77
      objectReference: {fileID: 0}
    - target: {fileID: 487440, guid: 9fc563619a488e547b6dae04097a4879, type: 3}
      propertyPath: m_LocalPosition.y
      value: 11.61
      objectReference: {fileID: 0}
    - target: {fileID: 487440, guid: 9fc563619a488e547b6dae04097a4879, type: 3}
      propertyPath: m_LocalPosition.z
      value: 706.28
      objectReference: {fileID: 0}
    - target: {fileID: 487440, guid: 9fc563619a488e547b6dae04097a4879, type: 3}
      propertyPath: m_LocalRotation.w
      value: 0.5
      objectReference: {fileID: 0}
    - target: {fileID: 487440, guid: 9fc563619a488e547b6dae04097a4879, type: 3}
      propertyPath: m_LocalRotation.x
      value: -0.5
      objectReference: {fileID: 0}
    - target: {fileID: 487440, guid: 9fc563619a488e547b6dae04097a4879, type: 3}
      propertyPath: m_LocalRotation.y
      value: 0.5
      objectReference: {fileID: 0}
    - target: {fileID: 487440, guid: 9fc563619a488e547b6dae04097a4879, type: 3}
      propertyPath: m_LocalRotation.z
      value: 0.5
      objectReference: {fileID: 0}
    - target: {fileID: 487440, guid: 9fc563619a488e547b6dae04097a4879, type: 3}
      propertyPath: m_LocalEulerAnglesHint.x
      value: -90
      objectReference: {fileID: 0}
    - target: {fileID: 487440, guid: 9fc563619a488e547b6dae04097a4879, type: 3}
      propertyPath: m_LocalEulerAnglesHint.y
      value: 0
      objectReference: {fileID: 0}
    - target: {fileID: 487440, guid: 9fc563619a488e547b6dae04097a4879, type: 3}
      propertyPath: m_LocalEulerAnglesHint.z
      value: 90
      objectReference: {fileID: 0}
    m_RemovedComponents: []
  m_SourcePrefab: {fileID: 100100000, guid: 9fc563619a488e547b6dae04097a4879, type: 3}
--- !u!1001 &1357126205
PrefabInstance:
  m_ObjectHideFlags: 0
  serializedVersion: 2
  m_Modification:
    m_TransformParent: {fileID: 0}
    m_Modifications:
    - target: {fileID: 2786341462127685908, guid: 5adc4c9e94b1d9c46b2350bfdfda86c6, type: 3}
      propertyPath: m_Name
      value: Stair
      objectReference: {fileID: 0}
    - target: {fileID: 3305855846405139374, guid: 5adc4c9e94b1d9c46b2350bfdfda86c6, type: 3}
      propertyPath: m_RootOrder
      value: 8
      objectReference: {fileID: 0}
    - target: {fileID: 3305855846405139374, guid: 5adc4c9e94b1d9c46b2350bfdfda86c6, type: 3}
      propertyPath: m_LocalPosition.x
      value: 237.08765
      objectReference: {fileID: 0}
    - target: {fileID: 3305855846405139374, guid: 5adc4c9e94b1d9c46b2350bfdfda86c6, type: 3}
      propertyPath: m_LocalPosition.y
      value: 8.67
      objectReference: {fileID: 0}
    - target: {fileID: 3305855846405139374, guid: 5adc4c9e94b1d9c46b2350bfdfda86c6, type: 3}
      propertyPath: m_LocalPosition.z
      value: 715.1311
      objectReference: {fileID: 0}
    - target: {fileID: 3305855846405139374, guid: 5adc4c9e94b1d9c46b2350bfdfda86c6, type: 3}
      propertyPath: m_LocalRotation.w
      value: 0.75477713
      objectReference: {fileID: 0}
    - target: {fileID: 3305855846405139374, guid: 5adc4c9e94b1d9c46b2350bfdfda86c6, type: 3}
      propertyPath: m_LocalRotation.x
      value: -0.11744338
      objectReference: {fileID: 0}
    - target: {fileID: 3305855846405139374, guid: 5adc4c9e94b1d9c46b2350bfdfda86c6, type: 3}
      propertyPath: m_LocalRotation.y
      value: 0.110388786
      objectReference: {fileID: 0}
    - target: {fileID: 3305855846405139374, guid: 5adc4c9e94b1d9c46b2350bfdfda86c6, type: 3}
      propertyPath: m_LocalRotation.z
      value: 0.63587177
      objectReference: {fileID: 0}
    - target: {fileID: 3305855846405139374, guid: 5adc4c9e94b1d9c46b2350bfdfda86c6, type: 3}
      propertyPath: m_LocalEulerAnglesHint.x
      value: -18.522
      objectReference: {fileID: 0}
    - target: {fileID: 3305855846405139374, guid: 5adc4c9e94b1d9c46b2350bfdfda86c6, type: 3}
      propertyPath: m_LocalEulerAnglesHint.y
      value: 1.044
      objectReference: {fileID: 0}
    - target: {fileID: 3305855846405139374, guid: 5adc4c9e94b1d9c46b2350bfdfda86c6, type: 3}
      propertyPath: m_LocalEulerAnglesHint.z
      value: 80.056
      objectReference: {fileID: 0}
    m_RemovedComponents: []
  m_SourcePrefab: {fileID: 100100000, guid: 5adc4c9e94b1d9c46b2350bfdfda86c6, type: 3}
--- !u!1 &1384780618
GameObject:
  m_ObjectHideFlags: 0
  m_CorrespondingSourceObject: {fileID: 0}
  m_PrefabInstance: {fileID: 0}
  m_PrefabAsset: {fileID: 0}
  serializedVersion: 6
  m_Component:
  - component: {fileID: 1384780621}
  - component: {fileID: 1384780620}
  - component: {fileID: 1384780619}
  m_Layer: 0
  m_Name: Terrain (1)
  m_TagString: Untagged
  m_Icon: {fileID: 0}
  m_NavMeshLayer: 0
  m_StaticEditorFlags: 2147483647
  m_IsActive: 1
--- !u!154 &1384780619
TerrainCollider:
  m_ObjectHideFlags: 0
  m_CorrespondingSourceObject: {fileID: 0}
  m_PrefabInstance: {fileID: 0}
  m_PrefabAsset: {fileID: 0}
  m_GameObject: {fileID: 1384780618}
  m_Material: {fileID: 0}
  m_Enabled: 1
  m_TerrainData: {fileID: 15600000, guid: 14a421d0abd0dc043b2f86fe03ca47df, type: 2}
  m_EnableTreeColliders: 1
--- !u!218 &1384780620
Terrain:
  m_ObjectHideFlags: 0
  m_CorrespondingSourceObject: {fileID: 0}
  m_PrefabInstance: {fileID: 0}
  m_PrefabAsset: {fileID: 0}
  m_GameObject: {fileID: 1384780618}
  m_Enabled: 1
  serializedVersion: 6
  m_TerrainData: {fileID: 15600000, guid: 14a421d0abd0dc043b2f86fe03ca47df, type: 2}
  m_TreeDistance: 5000
  m_TreeBillboardDistance: 50
  m_TreeCrossFadeLength: 5
  m_TreeMaximumFullLODCount: 50
  m_DetailObjectDistance: 80
  m_DetailObjectDensity: 1
  m_HeightmapPixelError: 1
  m_SplatMapDistance: 1000
  m_HeightmapMaximumLOD: 0
  m_ShadowCastingMode: 2
  m_DrawHeightmap: 1
  m_DrawInstanced: 0
  m_DrawTreesAndFoliage: 1
  m_StaticShadowCaster: 0
  m_ReflectionProbeUsage: 1
  m_MaterialTemplate: {fileID: 2100000, guid: b630a3ddafa85cf4caeec8e7a7461a5c, type: 2}
  m_BakeLightProbesForTrees: 1
  m_PreserveTreePrototypeLayers: 0
  m_DeringLightProbesForTrees: 1
  m_ScaleInLightmap: 0.0256
  m_LightmapParameters: {fileID: 15203, guid: 0000000000000000f000000000000000, type: 0}
  m_GroupingID: 0
  m_RenderingLayerMask: 1
  m_AllowAutoConnect: 1
--- !u!4 &1384780621
Transform:
  m_ObjectHideFlags: 0
  m_CorrespondingSourceObject: {fileID: 0}
  m_PrefabInstance: {fileID: 0}
  m_PrefabAsset: {fileID: 0}
  m_GameObject: {fileID: 1384780618}
  m_LocalRotation: {x: 0, y: 0, z: 0, w: 1}
  m_LocalPosition: {x: 525.2525, y: 12, z: 183.51836}
  m_LocalScale: {x: 1, y: 1, z: 1}
  m_ConstrainProportionsScale: 0
  m_Children: []
  m_Father: {fileID: 0}
  m_RootOrder: 24
  m_LocalEulerAnglesHint: {x: 0, y: 0, z: 0}
--- !u!1001 &1530215724
PrefabInstance:
  m_ObjectHideFlags: 0
  serializedVersion: 2
  m_Modification:
    m_TransformParent: {fileID: 0}
    m_Modifications:
    - target: {fileID: 2442679819555888050, guid: f17adb0d741f4bb4aa7cfab117dce845, type: 3}
      propertyPath: m_Name
      value: P_AncientRuins_Shell
      objectReference: {fileID: 0}
    - target: {fileID: 2653527515032712358, guid: f17adb0d741f4bb4aa7cfab117dce845, type: 3}
      propertyPath: m_RootOrder
      value: 17
      objectReference: {fileID: 0}
    - target: {fileID: 2653527515032712358, guid: f17adb0d741f4bb4aa7cfab117dce845, type: 3}
      propertyPath: m_LocalScale.x
      value: 10
      objectReference: {fileID: 0}
    - target: {fileID: 2653527515032712358, guid: f17adb0d741f4bb4aa7cfab117dce845, type: 3}
      propertyPath: m_LocalScale.y
      value: 10
      objectReference: {fileID: 0}
    - target: {fileID: 2653527515032712358, guid: f17adb0d741f4bb4aa7cfab117dce845, type: 3}
      propertyPath: m_LocalScale.z
      value: 10
      objectReference: {fileID: 0}
    - target: {fileID: 2653527515032712358, guid: f17adb0d741f4bb4aa7cfab117dce845, type: 3}
      propertyPath: m_LocalPosition.x
      value: 162.8
      objectReference: {fileID: 0}
    - target: {fileID: 2653527515032712358, guid: f17adb0d741f4bb4aa7cfab117dce845, type: 3}
      propertyPath: m_LocalPosition.y
      value: 23.800941
      objectReference: {fileID: 0}
    - target: {fileID: 2653527515032712358, guid: f17adb0d741f4bb4aa7cfab117dce845, type: 3}
      propertyPath: m_LocalPosition.z
      value: 423.2
      objectReference: {fileID: 0}
    - target: {fileID: 2653527515032712358, guid: f17adb0d741f4bb4aa7cfab117dce845, type: 3}
      propertyPath: m_LocalRotation.w
      value: 0.9734325
      objectReference: {fileID: 0}
    - target: {fileID: 2653527515032712358, guid: f17adb0d741f4bb4aa7cfab117dce845, type: 3}
      propertyPath: m_LocalRotation.x
      value: -0
      objectReference: {fileID: 0}
    - target: {fileID: 2653527515032712358, guid: f17adb0d741f4bb4aa7cfab117dce845, type: 3}
      propertyPath: m_LocalRotation.y
      value: 0.22897437
      objectReference: {fileID: 0}
    - target: {fileID: 2653527515032712358, guid: f17adb0d741f4bb4aa7cfab117dce845, type: 3}
      propertyPath: m_LocalRotation.z
      value: -0
      objectReference: {fileID: 0}
    - target: {fileID: 2653527515032712358, guid: f17adb0d741f4bb4aa7cfab117dce845, type: 3}
      propertyPath: m_LocalEulerAnglesHint.x
      value: 0
      objectReference: {fileID: 0}
    - target: {fileID: 2653527515032712358, guid: f17adb0d741f4bb4aa7cfab117dce845, type: 3}
      propertyPath: m_LocalEulerAnglesHint.y
      value: 26.473
      objectReference: {fileID: 0}
    - target: {fileID: 2653527515032712358, guid: f17adb0d741f4bb4aa7cfab117dce845, type: 3}
      propertyPath: m_LocalEulerAnglesHint.z
      value: 0
      objectReference: {fileID: 0}
    m_RemovedComponents: []
  m_SourcePrefab: {fileID: 100100000, guid: f17adb0d741f4bb4aa7cfab117dce845, type: 3}
--- !u!1001 &1547545613
PrefabInstance:
  m_ObjectHideFlags: 0
  serializedVersion: 2
  m_Modification:
    m_TransformParent: {fileID: 0}
    m_Modifications:
    - target: {fileID: 3220083927162093243, guid: 0ec7f548aaa54c34ba5bb266601fa9ef, type: 3}
      propertyPath: m_Name
      value: P_AncientRuins_Rock1
      objectReference: {fileID: 0}
    - target: {fileID: 7957432366677324207, guid: 0ec7f548aaa54c34ba5bb266601fa9ef, type: 3}
      propertyPath: m_RootOrder
      value: 11
      objectReference: {fileID: 0}
    - target: {fileID: 7957432366677324207, guid: 0ec7f548aaa54c34ba5bb266601fa9ef, type: 3}
      propertyPath: m_LocalScale.x
      value: 10
      objectReference: {fileID: 0}
    - target: {fileID: 7957432366677324207, guid: 0ec7f548aaa54c34ba5bb266601fa9ef, type: 3}
      propertyPath: m_LocalScale.y
      value: 10
      objectReference: {fileID: 0}
    - target: {fileID: 7957432366677324207, guid: 0ec7f548aaa54c34ba5bb266601fa9ef, type: 3}
      propertyPath: m_LocalScale.z
      value: 10
      objectReference: {fileID: 0}
    - target: {fileID: 7957432366677324207, guid: 0ec7f548aaa54c34ba5bb266601fa9ef, type: 3}
      propertyPath: m_LocalPosition.x
      value: 201.27
      objectReference: {fileID: 0}
    - target: {fileID: 7957432366677324207, guid: 0ec7f548aaa54c34ba5bb266601fa9ef, type: 3}
      propertyPath: m_LocalPosition.y
      value: 22.754797
      objectReference: {fileID: 0}
    - target: {fileID: 7957432366677324207, guid: 0ec7f548aaa54c34ba5bb266601fa9ef, type: 3}
      propertyPath: m_LocalPosition.z
      value: 452.19
      objectReference: {fileID: 0}
    - target: {fileID: 7957432366677324207, guid: 0ec7f548aaa54c34ba5bb266601fa9ef, type: 3}
      propertyPath: m_LocalRotation.w
      value: 1
      objectReference: {fileID: 0}
    - target: {fileID: 7957432366677324207, guid: 0ec7f548aaa54c34ba5bb266601fa9ef, type: 3}
      propertyPath: m_LocalRotation.x
      value: 0
      objectReference: {fileID: 0}
    - target: {fileID: 7957432366677324207, guid: 0ec7f548aaa54c34ba5bb266601fa9ef, type: 3}
      propertyPath: m_LocalRotation.y
      value: 0
      objectReference: {fileID: 0}
    - target: {fileID: 7957432366677324207, guid: 0ec7f548aaa54c34ba5bb266601fa9ef, type: 3}
      propertyPath: m_LocalRotation.z
      value: 0
      objectReference: {fileID: 0}
    - target: {fileID: 7957432366677324207, guid: 0ec7f548aaa54c34ba5bb266601fa9ef, type: 3}
      propertyPath: m_LocalEulerAnglesHint.x
      value: 0
      objectReference: {fileID: 0}
    - target: {fileID: 7957432366677324207, guid: 0ec7f548aaa54c34ba5bb266601fa9ef, type: 3}
      propertyPath: m_LocalEulerAnglesHint.y
      value: 0
      objectReference: {fileID: 0}
    - target: {fileID: 7957432366677324207, guid: 0ec7f548aaa54c34ba5bb266601fa9ef, type: 3}
      propertyPath: m_LocalEulerAnglesHint.z
      value: 0
      objectReference: {fileID: 0}
    m_RemovedComponents: []
  m_SourcePrefab: {fileID: 100100000, guid: 0ec7f548aaa54c34ba5bb266601fa9ef, type: 3}
--- !u!1001 &1577805512
PrefabInstance:
  m_ObjectHideFlags: 0
  serializedVersion: 2
  m_Modification:
    m_TransformParent: {fileID: 0}
    m_Modifications:
    - target: {fileID: 1960309282260714, guid: 5c6a8e5e71104fb48a940b834b29dfb6, type: 3}
      propertyPath: m_Name
      value: Pallet_01
      objectReference: {fileID: 0}
    - target: {fileID: 4009275339056470, guid: 5c6a8e5e71104fb48a940b834b29dfb6, type: 3}
      propertyPath: m_RootOrder
      value: 3
      objectReference: {fileID: 0}
    - target: {fileID: 4009275339056470, guid: 5c6a8e5e71104fb48a940b834b29dfb6, type: 3}
      propertyPath: m_LocalPosition.x
      value: 242.622
      objectReference: {fileID: 0}
    - target: {fileID: 4009275339056470, guid: 5c6a8e5e71104fb48a940b834b29dfb6, type: 3}
      propertyPath: m_LocalPosition.y
      value: 8.137707
      objectReference: {fileID: 0}
    - target: {fileID: 4009275339056470, guid: 5c6a8e5e71104fb48a940b834b29dfb6, type: 3}
      propertyPath: m_LocalPosition.z
      value: 707.11163
      objectReference: {fileID: 0}
    - target: {fileID: 4009275339056470, guid: 5c6a8e5e71104fb48a940b834b29dfb6, type: 3}
      propertyPath: m_LocalRotation.w
      value: 0.7071068
      objectReference: {fileID: 0}
    - target: {fileID: 4009275339056470, guid: 5c6a8e5e71104fb48a940b834b29dfb6, type: 3}
      propertyPath: m_LocalRotation.x
      value: -0.7071068
      objectReference: {fileID: 0}
    - target: {fileID: 4009275339056470, guid: 5c6a8e5e71104fb48a940b834b29dfb6, type: 3}
      propertyPath: m_LocalRotation.y
      value: -0
      objectReference: {fileID: 0}
    - target: {fileID: 4009275339056470, guid: 5c6a8e5e71104fb48a940b834b29dfb6, type: 3}
      propertyPath: m_LocalRotation.z
      value: -0
      objectReference: {fileID: 0}
    - target: {fileID: 4009275339056470, guid: 5c6a8e5e71104fb48a940b834b29dfb6, type: 3}
      propertyPath: m_LocalEulerAnglesHint.x
      value: 0
      objectReference: {fileID: 0}
    - target: {fileID: 4009275339056470, guid: 5c6a8e5e71104fb48a940b834b29dfb6, type: 3}
      propertyPath: m_LocalEulerAnglesHint.y
      value: 0
      objectReference: {fileID: 0}
    - target: {fileID: 4009275339056470, guid: 5c6a8e5e71104fb48a940b834b29dfb6, type: 3}
      propertyPath: m_LocalEulerAnglesHint.z
      value: 0
      objectReference: {fileID: 0}
    m_RemovedComponents: []
  m_SourcePrefab: {fileID: 100100000, guid: 5c6a8e5e71104fb48a940b834b29dfb6, type: 3}
--- !u!1001 &1586015573
PrefabInstance:
  m_ObjectHideFlags: 0
  serializedVersion: 2
  m_Modification:
    m_TransformParent: {fileID: 0}
    m_Modifications:
    - target: {fileID: 103752, guid: 97ad11e47dbea4c4baa376e584519266, type: 3}
      propertyPath: m_Name
      value: log01 (1)
      objectReference: {fileID: 0}
    - target: {fileID: 457118, guid: 97ad11e47dbea4c4baa376e584519266, type: 3}
      propertyPath: m_RootOrder
      value: 2
      objectReference: {fileID: 0}
    - target: {fileID: 457118, guid: 97ad11e47dbea4c4baa376e584519266, type: 3}
      propertyPath: m_LocalScale.x
      value: 0.5
      objectReference: {fileID: 0}
    - target: {fileID: 457118, guid: 97ad11e47dbea4c4baa376e584519266, type: 3}
      propertyPath: m_LocalScale.y
      value: 0.5
      objectReference: {fileID: 0}
    - target: {fileID: 457118, guid: 97ad11e47dbea4c4baa376e584519266, type: 3}
      propertyPath: m_LocalPosition.x
      value: 238.68938
      objectReference: {fileID: 0}
    - target: {fileID: 457118, guid: 97ad11e47dbea4c4baa376e584519266, type: 3}
      propertyPath: m_LocalPosition.y
      value: 8.765
      objectReference: {fileID: 0}
    - target: {fileID: 457118, guid: 97ad11e47dbea4c4baa376e584519266, type: 3}
      propertyPath: m_LocalPosition.z
      value: 704.09094
      objectReference: {fileID: 0}
    - target: {fileID: 457118, guid: 97ad11e47dbea4c4baa376e584519266, type: 3}
      propertyPath: m_LocalRotation.w
      value: 0.9981797
      objectReference: {fileID: 0}
    - target: {fileID: 457118, guid: 97ad11e47dbea4c4baa376e584519266, type: 3}
      propertyPath: m_LocalRotation.x
      value: 0.060310453
      objectReference: {fileID: 0}
    - target: {fileID: 457118, guid: 97ad11e47dbea4c4baa376e584519266, type: 3}
      propertyPath: m_LocalRotation.y
      value: -0
      objectReference: {fileID: 0}
    - target: {fileID: 457118, guid: 97ad11e47dbea4c4baa376e584519266, type: 3}
      propertyPath: m_LocalRotation.z
      value: -0
      objectReference: {fileID: 0}
    - target: {fileID: 457118, guid: 97ad11e47dbea4c4baa376e584519266, type: 3}
      propertyPath: m_LocalEulerAnglesHint.x
      value: 6.915
      objectReference: {fileID: 0}
    - target: {fileID: 457118, guid: 97ad11e47dbea4c4baa376e584519266, type: 3}
      propertyPath: m_LocalEulerAnglesHint.y
      value: 0
      objectReference: {fileID: 0}
    - target: {fileID: 457118, guid: 97ad11e47dbea4c4baa376e584519266, type: 3}
      propertyPath: m_LocalEulerAnglesHint.z
      value: 0
      objectReference: {fileID: 0}
    m_RemovedComponents: []
  m_SourcePrefab: {fileID: 100100000, guid: 97ad11e47dbea4c4baa376e584519266, type: 3}
--- !u!1001 &1676215060
PrefabInstance:
  m_ObjectHideFlags: 0
  serializedVersion: 2
  m_Modification:
    m_TransformParent: {fileID: 0}
    m_Modifications:
    - target: {fileID: 126854, guid: 9fc563619a488e547b6dae04097a4879, type: 3}
      propertyPath: m_Name
      value: Fense02 (5)
      objectReference: {fileID: 0}
    - target: {fileID: 487440, guid: 9fc563619a488e547b6dae04097a4879, type: 3}
      propertyPath: m_RootOrder
      value: 26
      objectReference: {fileID: 0}
    - target: {fileID: 487440, guid: 9fc563619a488e547b6dae04097a4879, type: 3}
      propertyPath: m_LocalPosition.x
      value: 229.79
      objectReference: {fileID: 0}
    - target: {fileID: 487440, guid: 9fc563619a488e547b6dae04097a4879, type: 3}
      propertyPath: m_LocalPosition.y
      value: 10.37
      objectReference: {fileID: 0}
    - target: {fileID: 487440, guid: 9fc563619a488e547b6dae04097a4879, type: 3}
      propertyPath: m_LocalPosition.z
      value: 706.28
      objectReference: {fileID: 0}
    - target: {fileID: 487440, guid: 9fc563619a488e547b6dae04097a4879, type: 3}
      propertyPath: m_LocalRotation.w
      value: 0.5
      objectReference: {fileID: 0}
    - target: {fileID: 487440, guid: 9fc563619a488e547b6dae04097a4879, type: 3}
      propertyPath: m_LocalRotation.x
      value: -0.5
      objectReference: {fileID: 0}
    - target: {fileID: 487440, guid: 9fc563619a488e547b6dae04097a4879, type: 3}
      propertyPath: m_LocalRotation.y
      value: 0.5
      objectReference: {fileID: 0}
    - target: {fileID: 487440, guid: 9fc563619a488e547b6dae04097a4879, type: 3}
      propertyPath: m_LocalRotation.z
      value: 0.5
      objectReference: {fileID: 0}
    - target: {fileID: 487440, guid: 9fc563619a488e547b6dae04097a4879, type: 3}
      propertyPath: m_LocalEulerAnglesHint.x
      value: -90
      objectReference: {fileID: 0}
    - target: {fileID: 487440, guid: 9fc563619a488e547b6dae04097a4879, type: 3}
      propertyPath: m_LocalEulerAnglesHint.y
      value: 0
      objectReference: {fileID: 0}
    - target: {fileID: 487440, guid: 9fc563619a488e547b6dae04097a4879, type: 3}
      propertyPath: m_LocalEulerAnglesHint.z
      value: 90
      objectReference: {fileID: 0}
    m_RemovedComponents: []
  m_SourcePrefab: {fileID: 100100000, guid: 9fc563619a488e547b6dae04097a4879, type: 3}
--- !u!1001 &1733247587
PrefabInstance:
  m_ObjectHideFlags: 0
  serializedVersion: 2
  m_Modification:
    m_TransformParent: {fileID: 0}
    m_Modifications:
    - target: {fileID: 126854, guid: 9fc563619a488e547b6dae04097a4879, type: 3}
      propertyPath: m_Name
      value: Fense02 (4)
      objectReference: {fileID: 0}
    - target: {fileID: 487440, guid: 9fc563619a488e547b6dae04097a4879, type: 3}
      propertyPath: m_RootOrder
      value: 25
      objectReference: {fileID: 0}
    - target: {fileID: 487440, guid: 9fc563619a488e547b6dae04097a4879, type: 3}
      propertyPath: m_LocalPosition.x
      value: 232.23
      objectReference: {fileID: 0}
    - target: {fileID: 487440, guid: 9fc563619a488e547b6dae04097a4879, type: 3}
      propertyPath: m_LocalPosition.y
      value: 9.6
      objectReference: {fileID: 0}
    - target: {fileID: 487440, guid: 9fc563619a488e547b6dae04097a4879, type: 3}
      propertyPath: m_LocalPosition.z
      value: 706.28
      objectReference: {fileID: 0}
    - target: {fileID: 487440, guid: 9fc563619a488e547b6dae04097a4879, type: 3}
      propertyPath: m_LocalRotation.w
      value: 0.5
      objectReference: {fileID: 0}
    - target: {fileID: 487440, guid: 9fc563619a488e547b6dae04097a4879, type: 3}
      propertyPath: m_LocalRotation.x
      value: -0.5
      objectReference: {fileID: 0}
    - target: {fileID: 487440, guid: 9fc563619a488e547b6dae04097a4879, type: 3}
      propertyPath: m_LocalRotation.y
      value: 0.5
      objectReference: {fileID: 0}
    - target: {fileID: 487440, guid: 9fc563619a488e547b6dae04097a4879, type: 3}
      propertyPath: m_LocalRotation.z
      value: 0.5
      objectReference: {fileID: 0}
    - target: {fileID: 487440, guid: 9fc563619a488e547b6dae04097a4879, type: 3}
      propertyPath: m_LocalEulerAnglesHint.x
      value: -90
      objectReference: {fileID: 0}
    - target: {fileID: 487440, guid: 9fc563619a488e547b6dae04097a4879, type: 3}
      propertyPath: m_LocalEulerAnglesHint.y
      value: 0
      objectReference: {fileID: 0}
    - target: {fileID: 487440, guid: 9fc563619a488e547b6dae04097a4879, type: 3}
      propertyPath: m_LocalEulerAnglesHint.z
      value: 90
      objectReference: {fileID: 0}
    m_RemovedComponents: []
  m_SourcePrefab: {fileID: 100100000, guid: 9fc563619a488e547b6dae04097a4879, type: 3}
--- !u!1001 &1788278092
PrefabInstance:
  m_ObjectHideFlags: 0
  serializedVersion: 2
  m_Modification:
    m_TransformParent: {fileID: 0}
    m_Modifications:
    - target: {fileID: 126854, guid: 9fc563619a488e547b6dae04097a4879, type: 3}
      propertyPath: m_Name
      value: Fense02 (7)
      objectReference: {fileID: 0}
    - target: {fileID: 487440, guid: 9fc563619a488e547b6dae04097a4879, type: 3}
      propertyPath: m_RootOrder
      value: 29
      objectReference: {fileID: 0}
    - target: {fileID: 487440, guid: 9fc563619a488e547b6dae04097a4879, type: 3}
      propertyPath: m_LocalPosition.x
      value: 225.11
      objectReference: {fileID: 0}
    - target: {fileID: 487440, guid: 9fc563619a488e547b6dae04097a4879, type: 3}
      propertyPath: m_LocalPosition.y
      value: 11.61
      objectReference: {fileID: 0}
    - target: {fileID: 487440, guid: 9fc563619a488e547b6dae04097a4879, type: 3}
      propertyPath: m_LocalPosition.z
      value: 706.28
      objectReference: {fileID: 0}
    - target: {fileID: 487440, guid: 9fc563619a488e547b6dae04097a4879, type: 3}
      propertyPath: m_LocalRotation.w
      value: 0.5
      objectReference: {fileID: 0}
    - target: {fileID: 487440, guid: 9fc563619a488e547b6dae04097a4879, type: 3}
      propertyPath: m_LocalRotation.x
      value: -0.5
      objectReference: {fileID: 0}
    - target: {fileID: 487440, guid: 9fc563619a488e547b6dae04097a4879, type: 3}
      propertyPath: m_LocalRotation.y
      value: 0.5
      objectReference: {fileID: 0}
    - target: {fileID: 487440, guid: 9fc563619a488e547b6dae04097a4879, type: 3}
      propertyPath: m_LocalRotation.z
      value: 0.5
      objectReference: {fileID: 0}
    - target: {fileID: 487440, guid: 9fc563619a488e547b6dae04097a4879, type: 3}
      propertyPath: m_LocalEulerAnglesHint.x
      value: -90
      objectReference: {fileID: 0}
    - target: {fileID: 487440, guid: 9fc563619a488e547b6dae04097a4879, type: 3}
      propertyPath: m_LocalEulerAnglesHint.y
      value: 0
      objectReference: {fileID: 0}
    - target: {fileID: 487440, guid: 9fc563619a488e547b6dae04097a4879, type: 3}
      propertyPath: m_LocalEulerAnglesHint.z
      value: 90
      objectReference: {fileID: 0}
    m_RemovedComponents: []
  m_SourcePrefab: {fileID: 100100000, guid: 9fc563619a488e547b6dae04097a4879, type: 3}
--- !u!1001 &1884365466
PrefabInstance:
  m_ObjectHideFlags: 0
  serializedVersion: 2
  m_Modification:
    m_TransformParent: {fileID: 0}
    m_Modifications:
    - target: {fileID: 697758681504488920, guid: 865743adce956574b94f88404924b5a0, type: 3}
      propertyPath: m_RootOrder
      value: 13
      objectReference: {fileID: 0}
    - target: {fileID: 697758681504488920, guid: 865743adce956574b94f88404924b5a0, type: 3}
      propertyPath: m_LocalScale.x
      value: 5
      objectReference: {fileID: 0}
    - target: {fileID: 697758681504488920, guid: 865743adce956574b94f88404924b5a0, type: 3}
      propertyPath: m_LocalScale.y
      value: 5
      objectReference: {fileID: 0}
    - target: {fileID: 697758681504488920, guid: 865743adce956574b94f88404924b5a0, type: 3}
      propertyPath: m_LocalScale.z
      value: 5
      objectReference: {fileID: 0}
    - target: {fileID: 697758681504488920, guid: 865743adce956574b94f88404924b5a0, type: 3}
      propertyPath: m_LocalPosition.x
      value: 201.2
      objectReference: {fileID: 0}
    - target: {fileID: 697758681504488920, guid: 865743adce956574b94f88404924b5a0, type: 3}
      propertyPath: m_LocalPosition.y
      value: 22.84644
      objectReference: {fileID: 0}
    - target: {fileID: 697758681504488920, guid: 865743adce956574b94f88404924b5a0, type: 3}
      propertyPath: m_LocalPosition.z
      value: 463.2
      objectReference: {fileID: 0}
    - target: {fileID: 697758681504488920, guid: 865743adce956574b94f88404924b5a0, type: 3}
      propertyPath: m_LocalRotation.w
      value: 0.5659117
      objectReference: {fileID: 0}
    - target: {fileID: 697758681504488920, guid: 865743adce956574b94f88404924b5a0, type: 3}
      propertyPath: m_LocalRotation.x
      value: 0.43305823
      objectReference: {fileID: 0}
    - target: {fileID: 697758681504488920, guid: 865743adce956574b94f88404924b5a0, type: 3}
      propertyPath: m_LocalRotation.y
      value: -0.472881
      objectReference: {fileID: 0}
    - target: {fileID: 697758681504488920, guid: 865743adce956574b94f88404924b5a0, type: 3}
      propertyPath: m_LocalRotation.z
      value: 0.51825494
      objectReference: {fileID: 0}
    - target: {fileID: 697758681504488920, guid: 865743adce956574b94f88404924b5a0, type: 3}
      propertyPath: m_LocalEulerAnglesHint.x
      value: 78.606
      objectReference: {fileID: 0}
    - target: {fileID: 697758681504488920, guid: 865743adce956574b94f88404924b5a0, type: 3}
      propertyPath: m_LocalEulerAnglesHint.y
      value: -25.918
      objectReference: {fileID: 0}
    - target: {fileID: 697758681504488920, guid: 865743adce956574b94f88404924b5a0, type: 3}
      propertyPath: m_LocalEulerAnglesHint.z
      value: 63.631
      objectReference: {fileID: 0}
    - target: {fileID: 6720701163034575583, guid: 865743adce956574b94f88404924b5a0, type: 3}
      propertyPath: m_Name
      value: P_AncientRuins_Rock4 (1)
      objectReference: {fileID: 0}
    m_RemovedComponents: []
  m_SourcePrefab: {fileID: 100100000, guid: 865743adce956574b94f88404924b5a0, type: 3}
--- !u!1001 &1911942446
PrefabInstance:
  m_ObjectHideFlags: 0
  serializedVersion: 2
  m_Modification:
    m_TransformParent: {fileID: 0}
    m_Modifications:
    - target: {fileID: 2442679819555888050, guid: f17adb0d741f4bb4aa7cfab117dce845, type: 3}
      propertyPath: m_Name
      value: P_AncientRuins_Shell (1)
      objectReference: {fileID: 0}
    - target: {fileID: 2653527515032712358, guid: f17adb0d741f4bb4aa7cfab117dce845, type: 3}
      propertyPath: m_RootOrder
      value: 16
      objectReference: {fileID: 0}
    - target: {fileID: 2653527515032712358, guid: f17adb0d741f4bb4aa7cfab117dce845, type: 3}
      propertyPath: m_LocalScale.x
      value: 10
      objectReference: {fileID: 0}
    - target: {fileID: 2653527515032712358, guid: f17adb0d741f4bb4aa7cfab117dce845, type: 3}
      propertyPath: m_LocalScale.y
      value: 10
      objectReference: {fileID: 0}
    - target: {fileID: 2653527515032712358, guid: f17adb0d741f4bb4aa7cfab117dce845, type: 3}
      propertyPath: m_LocalScale.z
      value: 10
      objectReference: {fileID: 0}
    - target: {fileID: 2653527515032712358, guid: f17adb0d741f4bb4aa7cfab117dce845, type: 3}
      propertyPath: m_LocalPosition.x
      value: 210.9
      objectReference: {fileID: 0}
    - target: {fileID: 2653527515032712358, guid: f17adb0d741f4bb4aa7cfab117dce845, type: 3}
      propertyPath: m_LocalPosition.y
      value: 25.813396
      objectReference: {fileID: 0}
    - target: {fileID: 2653527515032712358, guid: f17adb0d741f4bb4aa7cfab117dce845, type: 3}
      propertyPath: m_LocalPosition.z
      value: 476.8
      objectReference: {fileID: 0}
    - target: {fileID: 2653527515032712358, guid: f17adb0d741f4bb4aa7cfab117dce845, type: 3}
      propertyPath: m_LocalRotation.w
      value: 0.5998735
      objectReference: {fileID: 0}
    - target: {fileID: 2653527515032712358, guid: f17adb0d741f4bb4aa7cfab117dce845, type: 3}
      propertyPath: m_LocalRotation.x
      value: -0
      objectReference: {fileID: 0}
    - target: {fileID: 2653527515032712358, guid: f17adb0d741f4bb4aa7cfab117dce845, type: 3}
      propertyPath: m_LocalRotation.y
      value: -0.8000949
      objectReference: {fileID: 0}
    - target: {fileID: 2653527515032712358, guid: f17adb0d741f4bb4aa7cfab117dce845, type: 3}
      propertyPath: m_LocalRotation.z
      value: -0
      objectReference: {fileID: 0}
    - target: {fileID: 2653527515032712358, guid: f17adb0d741f4bb4aa7cfab117dce845, type: 3}
      propertyPath: m_LocalEulerAnglesHint.x
      value: 0
      objectReference: {fileID: 0}
    - target: {fileID: 2653527515032712358, guid: f17adb0d741f4bb4aa7cfab117dce845, type: 3}
      propertyPath: m_LocalEulerAnglesHint.y
      value: -106.278
      objectReference: {fileID: 0}
    - target: {fileID: 2653527515032712358, guid: f17adb0d741f4bb4aa7cfab117dce845, type: 3}
      propertyPath: m_LocalEulerAnglesHint.z
      value: 0
      objectReference: {fileID: 0}
    m_RemovedComponents: []
  m_SourcePrefab: {fileID: 100100000, guid: f17adb0d741f4bb4aa7cfab117dce845, type: 3}
--- !u!1001 &2004685043
PrefabInstance:
  m_ObjectHideFlags: 0
  serializedVersion: 2
  m_Modification:
    m_TransformParent: {fileID: 0}
    m_Modifications:
    - target: {fileID: 103752, guid: 97ad11e47dbea4c4baa376e584519266, type: 3}
      propertyPath: m_Name
      value: log01 (2)
      objectReference: {fileID: 0}
    - target: {fileID: 457118, guid: 97ad11e47dbea4c4baa376e584519266, type: 3}
      propertyPath: m_RootOrder
      value: 31
      objectReference: {fileID: 0}
    - target: {fileID: 457118, guid: 97ad11e47dbea4c4baa376e584519266, type: 3}
      propertyPath: m_LocalScale.x
      value: 0.5
      objectReference: {fileID: 0}
    - target: {fileID: 457118, guid: 97ad11e47dbea4c4baa376e584519266, type: 3}
      propertyPath: m_LocalScale.y
      value: 0.5
      objectReference: {fileID: 0}
    - target: {fileID: 457118, guid: 97ad11e47dbea4c4baa376e584519266, type: 3}
      propertyPath: m_LocalPosition.x
      value: 239.372
      objectReference: {fileID: 0}
    - target: {fileID: 457118, guid: 97ad11e47dbea4c4baa376e584519266, type: 3}
      propertyPath: m_LocalPosition.y
      value: 8.765
      objectReference: {fileID: 0}
    - target: {fileID: 457118, guid: 97ad11e47dbea4c4baa376e584519266, type: 3}
      propertyPath: m_LocalPosition.z
      value: 704.0943
      objectReference: {fileID: 0}
    - target: {fileID: 457118, guid: 97ad11e47dbea4c4baa376e584519266, type: 3}
      propertyPath: m_LocalRotation.w
      value: 0.99778897
      objectReference: {fileID: 0}
    - target: {fileID: 457118, guid: 97ad11e47dbea4c4baa376e584519266, type: 3}
      propertyPath: m_LocalRotation.x
      value: 0.060286865
      objectReference: {fileID: 0}
    - target: {fileID: 457118, guid: 97ad11e47dbea4c4baa376e584519266, type: 3}
      propertyPath: m_LocalRotation.y
      value: 0.027925316
      objectReference: {fileID: 0}
    - target: {fileID: 457118, guid: 97ad11e47dbea4c4baa376e584519266, type: 3}
      propertyPath: m_LocalRotation.z
      value: -0.0016872598
      objectReference: {fileID: 0}
    - target: {fileID: 457118, guid: 97ad11e47dbea4c4baa376e584519266, type: 3}
      propertyPath: m_LocalEulerAnglesHint.x
      value: 6.915
      objectReference: {fileID: 0}
    - target: {fileID: 457118, guid: 97ad11e47dbea4c4baa376e584519266, type: 3}
      propertyPath: m_LocalEulerAnglesHint.y
      value: 3.206
      objectReference: {fileID: 0}
    - target: {fileID: 457118, guid: 97ad11e47dbea4c4baa376e584519266, type: 3}
      propertyPath: m_LocalEulerAnglesHint.z
      value: 0
      objectReference: {fileID: 0}
    m_RemovedComponents: []
  m_SourcePrefab: {fileID: 100100000, guid: 97ad11e47dbea4c4baa376e584519266, type: 3}
--- !u!1001 &2010045237
PrefabInstance:
  m_ObjectHideFlags: 0
  serializedVersion: 2
  m_Modification:
    m_TransformParent: {fileID: 0}
    m_Modifications:
    - target: {fileID: 1960309282260714, guid: 5c6a8e5e71104fb48a940b834b29dfb6, type: 3}
      propertyPath: m_Name
      value: Pallet_01 (2)
      objectReference: {fileID: 0}
    - target: {fileID: 4009275339056470, guid: 5c6a8e5e71104fb48a940b834b29dfb6, type: 3}
      propertyPath: m_RootOrder
      value: 1
      objectReference: {fileID: 0}
    - target: {fileID: 4009275339056470, guid: 5c6a8e5e71104fb48a940b834b29dfb6, type: 3}
      propertyPath: m_LocalPosition.x
      value: 242.69553
      objectReference: {fileID: 0}
    - target: {fileID: 4009275339056470, guid: 5c6a8e5e71104fb48a940b834b29dfb6, type: 3}
      propertyPath: m_LocalPosition.y
      value: 8.333314
      objectReference: {fileID: 0}
    - target: {fileID: 4009275339056470, guid: 5c6a8e5e71104fb48a940b834b29dfb6, type: 3}
      propertyPath: m_LocalPosition.z
      value: 707.0763
      objectReference: {fileID: 0}
    - target: {fileID: 4009275339056470, guid: 5c6a8e5e71104fb48a940b834b29dfb6, type: 3}
      propertyPath: m_LocalRotation.w
      value: 0.7071068
      objectReference: {fileID: 0}
    - target: {fileID: 4009275339056470, guid: 5c6a8e5e71104fb48a940b834b29dfb6, type: 3}
      propertyPath: m_LocalRotation.x
      value: -0.7071068
      objectReference: {fileID: 0}
    - target: {fileID: 4009275339056470, guid: 5c6a8e5e71104fb48a940b834b29dfb6, type: 3}
      propertyPath: m_LocalRotation.y
      value: -0
      objectReference: {fileID: 0}
    - target: {fileID: 4009275339056470, guid: 5c6a8e5e71104fb48a940b834b29dfb6, type: 3}
      propertyPath: m_LocalRotation.z
      value: -0
      objectReference: {fileID: 0}
    - target: {fileID: 4009275339056470, guid: 5c6a8e5e71104fb48a940b834b29dfb6, type: 3}
      propertyPath: m_LocalEulerAnglesHint.x
      value: 0
      objectReference: {fileID: 0}
    - target: {fileID: 4009275339056470, guid: 5c6a8e5e71104fb48a940b834b29dfb6, type: 3}
      propertyPath: m_LocalEulerAnglesHint.y
      value: 0
      objectReference: {fileID: 0}
    - target: {fileID: 4009275339056470, guid: 5c6a8e5e71104fb48a940b834b29dfb6, type: 3}
      propertyPath: m_LocalEulerAnglesHint.z
      value: 0
      objectReference: {fileID: 0}
    m_RemovedComponents: []
  m_SourcePrefab: {fileID: 100100000, guid: 5c6a8e5e71104fb48a940b834b29dfb6, type: 3}
--- !u!1001 &2064795243
PrefabInstance:
  m_ObjectHideFlags: 0
  serializedVersion: 2
  m_Modification:
    m_TransformParent: {fileID: 0}
    m_Modifications:
    - target: {fileID: 6126151297966205191, guid: 4c4896384163f7c428f38c4741487cdb, type: 3}
      propertyPath: m_Name
      value: Canopy
      objectReference: {fileID: 0}
    - target: {fileID: 6795833471293109181, guid: 4c4896384163f7c428f38c4741487cdb, type: 3}
      propertyPath: m_RootOrder
      value: 7
      objectReference: {fileID: 0}
    - target: {fileID: 6795833471293109181, guid: 4c4896384163f7c428f38c4741487cdb, type: 3}
      propertyPath: m_LocalScale.x
      value: 2
      objectReference: {fileID: 0}
    - target: {fileID: 6795833471293109181, guid: 4c4896384163f7c428f38c4741487cdb, type: 3}
      propertyPath: m_LocalScale.y
      value: 2
      objectReference: {fileID: 0}
    - target: {fileID: 6795833471293109181, guid: 4c4896384163f7c428f38c4741487cdb, type: 3}
      propertyPath: m_LocalScale.z
      value: 2
      objectReference: {fileID: 0}
    - target: {fileID: 6795833471293109181, guid: 4c4896384163f7c428f38c4741487cdb, type: 3}
      propertyPath: m_LocalPosition.x
      value: 224.79
      objectReference: {fileID: 0}
    - target: {fileID: 6795833471293109181, guid: 4c4896384163f7c428f38c4741487cdb, type: 3}
      propertyPath: m_LocalPosition.y
      value: 8.76
      objectReference: {fileID: 0}
    - target: {fileID: 6795833471293109181, guid: 4c4896384163f7c428f38c4741487cdb, type: 3}
      propertyPath: m_LocalPosition.z
      value: 711.5
      objectReference: {fileID: 0}
    - target: {fileID: 6795833471293109181, guid: 4c4896384163f7c428f38c4741487cdb, type: 3}
      propertyPath: m_LocalRotation.w
      value: 1
      objectReference: {fileID: 0}
    - target: {fileID: 6795833471293109181, guid: 4c4896384163f7c428f38c4741487cdb, type: 3}
      propertyPath: m_LocalRotation.x
      value: 0.000000021855694
      objectReference: {fileID: 0}
    - target: {fileID: 6795833471293109181, guid: 4c4896384163f7c428f38c4741487cdb, type: 3}
      propertyPath: m_LocalRotation.y
      value: -0
      objectReference: {fileID: 0}
    - target: {fileID: 6795833471293109181, guid: 4c4896384163f7c428f38c4741487cdb, type: 3}
      propertyPath: m_LocalRotation.z
      value: -0
      objectReference: {fileID: 0}
    - target: {fileID: 6795833471293109181, guid: 4c4896384163f7c428f38c4741487cdb, type: 3}
      propertyPath: m_LocalEulerAnglesHint.x
      value: 0
      objectReference: {fileID: 0}
    - target: {fileID: 6795833471293109181, guid: 4c4896384163f7c428f38c4741487cdb, type: 3}
      propertyPath: m_LocalEulerAnglesHint.y
      value: 0
      objectReference: {fileID: 0}
    - target: {fileID: 6795833471293109181, guid: 4c4896384163f7c428f38c4741487cdb, type: 3}
      propertyPath: m_LocalEulerAnglesHint.z
      value: 0
      objectReference: {fileID: 0}
    m_RemovedComponents: []
  m_SourcePrefab: {fileID: 100100000, guid: 4c4896384163f7c428f38c4741487cdb, type: 3}
--- !u!1001 &2081189614
PrefabInstance:
  m_ObjectHideFlags: 0
  serializedVersion: 2
  m_Modification:
    m_TransformParent: {fileID: 0}
    m_Modifications:
    - target: {fileID: 126854, guid: 9fc563619a488e547b6dae04097a4879, type: 3}
      propertyPath: m_Name
      value: Fense02 (6)
      objectReference: {fileID: 0}
    - target: {fileID: 487440, guid: 9fc563619a488e547b6dae04097a4879, type: 3}
      propertyPath: m_RootOrder
      value: 28
      objectReference: {fileID: 0}
    - target: {fileID: 487440, guid: 9fc563619a488e547b6dae04097a4879, type: 3}
      propertyPath: m_LocalPosition.x
      value: 227.48
      objectReference: {fileID: 0}
    - target: {fileID: 487440, guid: 9fc563619a488e547b6dae04097a4879, type: 3}
      propertyPath: m_LocalPosition.y
      value: 11.21
      objectReference: {fileID: 0}
    - target: {fileID: 487440, guid: 9fc563619a488e547b6dae04097a4879, type: 3}
      propertyPath: m_LocalPosition.z
      value: 706.28
      objectReference: {fileID: 0}
    - target: {fileID: 487440, guid: 9fc563619a488e547b6dae04097a4879, type: 3}
      propertyPath: m_LocalRotation.w
      value: 0.5
      objectReference: {fileID: 0}
    - target: {fileID: 487440, guid: 9fc563619a488e547b6dae04097a4879, type: 3}
      propertyPath: m_LocalRotation.x
      value: -0.5
      objectReference: {fileID: 0}
    - target: {fileID: 487440, guid: 9fc563619a488e547b6dae04097a4879, type: 3}
      propertyPath: m_LocalRotation.y
      value: 0.5
      objectReference: {fileID: 0}
    - target: {fileID: 487440, guid: 9fc563619a488e547b6dae04097a4879, type: 3}
      propertyPath: m_LocalRotation.z
      value: 0.5
      objectReference: {fileID: 0}
    - target: {fileID: 487440, guid: 9fc563619a488e547b6dae04097a4879, type: 3}
      propertyPath: m_LocalEulerAnglesHint.x
      value: -90
      objectReference: {fileID: 0}
    - target: {fileID: 487440, guid: 9fc563619a488e547b6dae04097a4879, type: 3}
      propertyPath: m_LocalEulerAnglesHint.y
      value: 0
      objectReference: {fileID: 0}
    - target: {fileID: 487440, guid: 9fc563619a488e547b6dae04097a4879, type: 3}
      propertyPath: m_LocalEulerAnglesHint.z
      value: 90
      objectReference: {fileID: 0}
    m_RemovedComponents: []
  m_SourcePrefab: {fileID: 100100000, guid: 9fc563619a488e547b6dae04097a4879, type: 3}
--- !u!1001 &2100910382
PrefabInstance:
  m_ObjectHideFlags: 0
  serializedVersion: 2
  m_Modification:
    m_TransformParent: {fileID: 0}
    m_Modifications:
    - target: {fileID: 2180370505960695739, guid: c30be702f1b236d4da5c71ec8c8d61c3, type: 3}
      propertyPath: m_RootOrder
      value: 18
      objectReference: {fileID: 0}
    - target: {fileID: 2180370505960695739, guid: c30be702f1b236d4da5c71ec8c8d61c3, type: 3}
      propertyPath: m_LocalScale.x
      value: 10
      objectReference: {fileID: 0}
    - target: {fileID: 2180370505960695739, guid: c30be702f1b236d4da5c71ec8c8d61c3, type: 3}
      propertyPath: m_LocalScale.y
      value: 10
      objectReference: {fileID: 0}
    - target: {fileID: 2180370505960695739, guid: c30be702f1b236d4da5c71ec8c8d61c3, type: 3}
      propertyPath: m_LocalScale.z
      value: 10
      objectReference: {fileID: 0}
    - target: {fileID: 2180370505960695739, guid: c30be702f1b236d4da5c71ec8c8d61c3, type: 3}
      propertyPath: m_LocalPosition.x
      value: 191.80112
      objectReference: {fileID: 0}
    - target: {fileID: 2180370505960695739, guid: c30be702f1b236d4da5c71ec8c8d61c3, type: 3}
      propertyPath: m_LocalPosition.y
      value: 48.096527
      objectReference: {fileID: 0}
    - target: {fileID: 2180370505960695739, guid: c30be702f1b236d4da5c71ec8c8d61c3, type: 3}
      propertyPath: m_LocalPosition.z
      value: 448.41135
      objectReference: {fileID: 0}
    - target: {fileID: 2180370505960695739, guid: c30be702f1b236d4da5c71ec8c8d61c3, type: 3}
      propertyPath: m_LocalRotation.w
      value: 0.91274816
      objectReference: {fileID: 0}
    - target: {fileID: 2180370505960695739, guid: c30be702f1b236d4da5c71ec8c8d61c3, type: 3}
      propertyPath: m_LocalRotation.x
      value: 0.046905205
      objectReference: {fileID: 0}
    - target: {fileID: 2180370505960695739, guid: c30be702f1b236d4da5c71ec8c8d61c3, type: 3}
      propertyPath: m_LocalRotation.y
      value: -0.3869471
      objectReference: {fileID: 0}
    - target: {fileID: 2180370505960695739, guid: c30be702f1b236d4da5c71ec8c8d61c3, type: 3}
      propertyPath: m_LocalRotation.z
      value: -0.12232173
      objectReference: {fileID: 0}
    - target: {fileID: 2180370505960695739, guid: c30be702f1b236d4da5c71ec8c8d61c3, type: 3}
      propertyPath: m_LocalEulerAnglesHint.x
      value: -0.518
      objectReference: {fileID: 0}
    - target: {fileID: 2180370505960695739, guid: c30be702f1b236d4da5c71ec8c8d61c3, type: 3}
      propertyPath: m_LocalEulerAnglesHint.y
      value: -45.879
      objectReference: {fileID: 0}
    - target: {fileID: 2180370505960695739, guid: c30be702f1b236d4da5c71ec8c8d61c3, type: 3}
      propertyPath: m_LocalEulerAnglesHint.z
      value: -15.047
      objectReference: {fileID: 0}
    - target: {fileID: 8285238759245771718, guid: c30be702f1b236d4da5c71ec8c8d61c3, type: 3}
      propertyPath: m_Name
      value: P_AncientRuins_Sword
      objectReference: {fileID: 0}
    m_RemovedComponents: []
  m_SourcePrefab: {fileID: 100100000, guid: c30be702f1b236d4da5c71ec8c8d61c3, type: 3}
--- !u!1001 &2118168081
PrefabInstance:
  m_ObjectHideFlags: 0
  serializedVersion: 2
  m_Modification:
    m_TransformParent: {fileID: 0}
    m_Modifications:
    - target: {fileID: 4839620930639023318, guid: 7bcb58554a8c3844daff1cb4024489dc, type: 3}
      propertyPath: m_RootOrder
      value: 19
      objectReference: {fileID: 0}
    - target: {fileID: 4839620930639023318, guid: 7bcb58554a8c3844daff1cb4024489dc, type: 3}
      propertyPath: m_LocalScale.x
      value: 2
      objectReference: {fileID: 0}
    - target: {fileID: 4839620930639023318, guid: 7bcb58554a8c3844daff1cb4024489dc, type: 3}
      propertyPath: m_LocalScale.y
      value: 2
      objectReference: {fileID: 0}
    - target: {fileID: 4839620930639023318, guid: 7bcb58554a8c3844daff1cb4024489dc, type: 3}
      propertyPath: m_LocalScale.z
      value: 2
      objectReference: {fileID: 0}
    - target: {fileID: 4839620930639023318, guid: 7bcb58554a8c3844daff1cb4024489dc, type: 3}
      propertyPath: m_LocalPosition.x
      value: 230.35
      objectReference: {fileID: 0}
    - target: {fileID: 4839620930639023318, guid: 7bcb58554a8c3844daff1cb4024489dc, type: 3}
      propertyPath: m_LocalPosition.y
      value: 9.01
      objectReference: {fileID: 0}
    - target: {fileID: 4839620930639023318, guid: 7bcb58554a8c3844daff1cb4024489dc, type: 3}
      propertyPath: m_LocalPosition.z
      value: 711.73
      objectReference: {fileID: 0}
    - target: {fileID: 4839620930639023318, guid: 7bcb58554a8c3844daff1cb4024489dc, type: 3}
      propertyPath: m_LocalRotation.w
      value: -0.025820278
      objectReference: {fileID: 0}
    - target: {fileID: 4839620930639023318, guid: 7bcb58554a8c3844daff1cb4024489dc, type: 3}
      propertyPath: m_LocalRotation.x
      value: -0
      objectReference: {fileID: 0}
    - target: {fileID: 4839620930639023318, guid: 7bcb58554a8c3844daff1cb4024489dc, type: 3}
      propertyPath: m_LocalRotation.y
      value: 0.9996666
      objectReference: {fileID: 0}
    - target: {fileID: 4839620930639023318, guid: 7bcb58554a8c3844daff1cb4024489dc, type: 3}
      propertyPath: m_LocalRotation.z
      value: -0
      objectReference: {fileID: 0}
    - target: {fileID: 4839620930639023318, guid: 7bcb58554a8c3844daff1cb4024489dc, type: 3}
      propertyPath: m_LocalEulerAnglesHint.x
      value: 0
      objectReference: {fileID: 0}
    - target: {fileID: 4839620930639023318, guid: 7bcb58554a8c3844daff1cb4024489dc, type: 3}
      propertyPath: m_LocalEulerAnglesHint.y
      value: 182.959
      objectReference: {fileID: 0}
    - target: {fileID: 4839620930639023318, guid: 7bcb58554a8c3844daff1cb4024489dc, type: 3}
      propertyPath: m_LocalEulerAnglesHint.z
      value: 0
      objectReference: {fileID: 0}
    - target: {fileID: 5215759032949184108, guid: 7bcb58554a8c3844daff1cb4024489dc, type: 3}
      propertyPath: m_Name
      value: FireWood (1)
      objectReference: {fileID: 0}
    m_RemovedComponents: []
  m_SourcePrefab: {fileID: 100100000, guid: 7bcb58554a8c3844daff1cb4024489dc, type: 3}
